1715 3028
342 168 434 216 260
667 169 723 215 P.
794 166 1296 216 VIRGILII

333 280 392 323 Ire
411 277 572 331 volunt,
592 294 820 339 omnemque
843 275 941 340 fugae
961 275 1126 340 perferre
1143 276 1323 323 laborem.

337 352 448 410 Quos
469 351 590 396 bonus
609 353 746 395 AEneas
766 347 870 394 diffis
894 348 1033 395 solatur
1052 349 1176 395 amicis
1197 386 1207 403 ‚

335 426 381 470 Et
401 421 684 484 consanguineo
702 421 892 468 lacrimans
910 422 1147 468 commendat
1165 422 1316 468 Acestae.

336 499 429 542 Tres
450 494 560 559 Eryci
581 495 741 549 vitulos,
763 493 804 540 δι
819 494 1112 559 Tempestatibus
1136 511 1268 558 agnam

338 568 498 614 Caedere
519 567 654 614 deinde
673 567 778 630 jubet
796 603 807 621 ,
828 567 1000 631 solvique
1020 587 1065 614 ex
1088 568 1221 615 ordine
1241 568 1377 615 sunem.

335 640 419 705 Ipse
433 676 445 695 ‚
467 656 576 705 caput
596 641 716 688 tonsae
734 640 836 688 foliis
855 642 1018 691 evinfihts
1043 641 1157 688 olivae
1177 677 1189 695 ‚

336 718 442 761 Stans
460 715 594 779 procul
612 715 648 761 in
668 734 778 779 prora
793 732 954 784 pateram
975 732 1074 763 tenet
1087 753 1098 771 ‚
1117 734 1274 779 extaque
1293 715 1405 763 salsos

335 785 496 832 Porricit
517 785 553 832 in
575 786 705 833 flustus
724 823 736 842 ‚
756 805 798 832 ac
813 787 896 834 vina
914 786 1092 850 liquentia
1112 785 1244 831 fundit.

336 858 578 921 Prosequitur
595 859 747 923 surgens
769 878 788 905 a
808 860 924 924 puppi
944 875 1077 906 ventus
1101 858 1231 905 euntis.

338 931 521 978 Certatim
539 932 631 978 socii
652 932 787 978 feriunt
806 951 906 979 mare
920 968 932 987 ‚
961 932 1001 979 δι
1017 950 1168 995 aequora
1188 947 1348 978 verrunt.

403 1010 452 1052 At
470 1009 597 1051 Venus
618 1005 758 1052 interea
775 1009 995 1070 Neptunum
1013 1004 1172 1052 exercita
1193 1004 1288 1049 curis

338 1079 557 1142 Alloquitur
570 1115 581 1133 ,
600 1080 757 1142 talisque
776 1080 935 1126 effundit
951 1080 1105 1143 pestore
1123 1077 1265 1141 questus
1283 1098 1292 1122 z

337 1153 492 1201 lunonis
513 1153 631 1216 gravis
652 1152 724 1208 ira,
746 1171 815 1199 nec
833 1152 1076 1199 exsaturabile
1095 1152 1221 1216 pestus
1235 1187 1247 1205 ‚

339 1228 499 1289 Cogunt
520 1244 579 1271 me
595 1260 607 1278 ‚
627 1227 804 1289 Neptune
820 1260 832 1279 ‚
851 1243 981 1289 preces
1001 1224 1226 1270 descendere
1247 1221 1285 1268 in
1306 1222 1428 1270 omnis
1445 1245 1454 1269 ε

339 1302 464 1359 Quam
486 1316 555 1344 nec
577 1298 691 1361 longa
709 1298 786 1344 dies
803 1334 815 1352 ‚
841 1298 957 1362 pietas
981 1316 1049 1344 nec
1077 1295 1219 1360 mitigat
1239 1296 1340 1350 ulla;

339 1374 422 1418 Nec
440 1370 540 1418 Jovis
558 1371 717 1434 imperio
733 1391 746 1424 4,
762 1370 893 1416 fatisve
914 1370 1063 1416 infrafflt
1085 1370 1250 1434 quiescit.

339 1445 432 1490 Non
450 1444 571 1490 media
595 1445 642 1489 de
664 1447 777 1506 gente
795 1443 983 1507 Phrygum
1007 1443 1168 1489 exediffe
1196 1443 1361 1490 nefandis

339 1516 482 1563 Urbem
508 1514 602 1562 odiis
625 1515 707 1560 satis
725 1515 774 1560 est
788 1550 799 1568 ‚
819 1533 888 1560 nec
907 1533 1059 1578 poenam
1077 1532 1176 1560 traxe
1197 1533 1264 1577 per
1283 1533 1434 1562 omnem

339 1587 553 1650 Reliquias:
571 1587 700 1648 Trojae
720 1587 863 1632 cineres
880 1602 989 1649 atque
1010 1585 1084 1632 offa
1102 1602 1279 1649 peremtae

340 1660 559 1724 Insequitur.
579 1660 715 1706 Causas
733 1660 824 1706 tanti
843 1658 927 1707 sciat
944 1659 1006 1704 illa
1025 1659 1172 1705 furoris.

341 1734 424 1797 Ipse
444 1733 534 1779 mihi
555 1752 673 1797 nuper
691 1731 839 1796 Libycis
859 1747 898 1777 tu
917 1730 1014 1777 testis
1035 1731 1069 1777 in
1087 1732 1192 1791 unt-lis
1212 1767 1224 1787 ‚
1344 1768 1366 1792 α.

343 1810 467 1867 Quam
485 1807 625 1852 molem
646 1807 769 1852 subito
796 1804 960 1852 excierit.
981 1805 1101 1851 Maria
1123 1766 1376 1854 omnia‘cffii».

340 1880 496 1927 Miscuit
511 1916 523 1934 ‚
543 1881 677 1927 AEoliis
705 1879 956 1943 nequidquam
974 1878 1066 1925 freta
1091 1879 1268 1943 procellis
1283 1915 1296 1936 ‚

340 1957 381 2000 In
399 1953 524 2017 regnis
546 1953 621 2000 hoc
638 1953 721 1999 ausa
737 1953 819 1999 tuis.

343 2031 413 2074 Per
432 2027 549 2073 scelus
572 2045 661 2073 ecce
681 2028 789 2073 etiam
807 2025 980 2089 Troianis
999 2026 1171 2073 matribus
1189 2025 1274 2076 affis

343 2098 478 2144 Exuflit
497 2098 598 2145 foede
622 2097 782 2162 puppis3
805 2098 845 2145 δι
865 2098 972 2144 clafle
992 2097 1138 2162 subegit

346 2171 479 2219 Amiffa
499 2170 623 2218 socios
644 2171 785 2235 ignotae
802 2171 975 2235 linquere
994 2187 1113 2217 terrae.

345 2243 465 2302 Quod
485 2242 669 2306 superest3
691 2261 761 2305 oro
779 2277 790 2296 ,
810 2243 919 2289 liceat
935 2244 1022 2289 dare
1043 2258 1117 2289 tuta
1143 2260 1209 2305 per
1226 2243 1340 2289 undas

343 2313 440 2359 Vela
457 2314 547 2360 tibi:
568 2315 679 2360 liceat
697 2317 916 2361 Laurentem
937 2315 1121 2379 attingere
1140 2314 1344 2378 Thybrim:

348 2387 385 2432 Si
413 2389 582 2434 concessa
600 2403 691 2452 peto
706 2423 718 2441 .,
737 2388 761 2434 si
783 2390 869 2451 daut
886 2408 928 2436 ea
948 2389 1083 2436 moenia
1099 2393 1231 2434 Parcae.

346 2463 442 2506 Tum
460 2463 645 2508 Saturnius
666 2461 745 2508 haec
763 2464 930 2511 domitor
949 2452 1055 2510 maris
1073 2462 1188 2524 edidit
1205 2462 1265 2509 alti
1283 2484 1292 2508 ε

1534 365 1624 406 770

1532 730 1627 796 ⁷7⁵«

1539 1083 1628 1136 780

1538 1449 1623 1503 785
1660 1487 1662 1489 μ

1540 1826 1631 1868 79⁰

1539 2191 1626 2237 795
