1715 3028
355 160 796 210 'AENEIDOS
846 162 998 208 LIB.
1034 160 1072 207 I.

71 275 198 319 Gente
217 271 280 318 sub
297 271 485 318 Hessorea
497 292 509 326 ;
529 271 652 319 donec
671 269 801 333 regina
820 269 992 316 sacerdos

73 347 199 392 Marte
221 344 342 410 gravis
365 344 550 408 geminam
571 358 676 407 partu
697 341 799 388 dabit
818 341 883 388 Ilia
900 342 1061 406 prolem,

71 418 163 464 Inde
183 418 283 482 lupae
302 417 409 463 fulvo
430 416 580 462 nutricis
599 414 765 479 tegmine
786 415 892 460 laetus

71 493 250 540 Romulus
272 493 434 557 excipiet
453 507 628 556 gentem,
650 490 690 536 ὅς
707 491 897 536 Mavortia
915 491 1058 547 condet

72 571 219 616 Moenia
235 605 246 624 ‚
265 569 529 632 Romanosque
547 567 613 614 suo
633 567 681 613 de
699 567 855 613 nomine
872 565 986 612 dicet.

71 642 137 689 His
157 661 232 707 ego
251 661 319 689 nec
337 657 451 688 metas
469 659 616 694 rerum„
635 659 704 686 nec
724 658 896 704 tempora
916 659 1046 704 pono:

70 716 271 781 Imperium
289 715 363 762 fine
380 715 454 761 fine
473 716 570 761 dedi.
609 714 712 775 Quin
730 714 858 778 aspera
877 717 891 762 J
897 733 973 761 uno
989 751 1002 769 .‚

69 795 169 853 Quae
186 811 285 838 mare
304 810 403 838 nunc
420 790 608 854 terrasque
627 805 729 836 metu
749 790 963 854 coelumque
979 790 1137 854 fatigat,‘

70 864 238 912 Confilia
257 864 297 911 in
314 864 445 910 melius
462 863 622 917 referet,
642 881 861 927 mecumque
881 862 1029 909 fovebit

69 944 263 987 Romanos
283 958 405 987 rerum
424 939 602 986 dominos
619 974 630 993 ,
650 954 881 1003 gentemque
902 954 1080 1004 toga-tam.

73 1015 134 1061 Sic
153 1014 339 1079 placitum.
376 1015 516 1061 Veniet
535 1012 653 1059 lustris
677 1012 885 1059 labentibus
905 1028 993 1059 aetas
1008 1049 1020 1067 ,

73 1087 170 1131 Cum
190 1086 322 1131 domus
340 1084 498 1130 Assaraci
517 1083 704 1137 Phthiam,
725 1083 914 1147 clarasque
932 1086 1116 1148 Mycenas

73 1157 237 1203 Servitio
259 1172 427 1221 premet,
446 1175 487 1202 ac
508 1156 615 1216 victis
633 1155 885 1202 dominabitur
902 1157 1026 1222 Argis.

73 1230 256 1276 Nascetur
277 1229 431 1294 pulchra
449 1230 634 1292 Troianus
655 1227 805 1292 origine
827 1228 972 1283 Caesar,
1034 1233 1037 1235 ’

72 1304 274 1368 Imperium
294 1307 454 1350 Oceano
472 1340 483 1358 ‚
502 1304 632 1350 famam
656 1303 718 1367 qui
739 1303 914 1357 terminet
933 1303 1053 1358 astris3

71 1377 186 1423 Julius
199 1412 210 1431 ‚
229 1397 248 1423 a
266 1395 402 1441 magno
421 1377 614 1423 demiffum
634 1393 773 1423 nomen
795 1377 891 1423 Iulo.

72 1450 184 1495 Hunc
201 1465 239 1495 tu
259 1449 352 1495 olim
374 1450 476 1496 coelo
491 1485 503 1503 .,
523 1449 651 1513 spoliis
674 1449 840 1496 Orientis
862 1450 1055 1505 onustum,

72 1522 247 1586 Accipies
268 1522 406 1568 secura.
442 1523 650 1569 Vocabitur
671 1523 731 1569 hic
751 1541 905 1587 quoque
924 1524 1037 1570 votis.

73 1597 216 1661 Aspera
234 1612 310 1648 tum
327 1596 455 1660 positis
474 1596 668 1644 mitescent
688 1598 810 1644 secula
835 1597 957 1644 bellis.

77 1672 179 1716 Cana
198 1669 329 1725 Fides,
349 1670 389 1717 &
405 1671 536 1725 Vesta„
554 1675 675 1718 Remo
693 1690 776 1718 cum
795 1672 906 1718 fratre
924 1669 1131 1733 Quirinus3

75 1748 159 1793 Jura
177 1745 335 1791 dabunt:
363 1746 454 1791 dirae
472 1746 574 1793 ferro
596 1746 636 1793 &
654 1746 899 1811 compagibus
924 1746 1010 1793 artis

78 1818 308 1864 claudentur
324 1817 419 1864 Belli
437 1833 571 1881 portae.
598 1821 726 1868 Furor
750 1819 884 1883 impius
907 1819 1006 1866 intus

77 1893 183 1937 Saeva
205 1889 336 1936 sedens
356 1889 466 1954 super
483 1909 580 1937 arma
594 1926 606 1945 ‚
624 1891 664 1938 &
683 1908 831 1939 centum
851 1892 992 1939 vinetus
1013 1893 1113 1940 aenis

78 1965 165 2013 Post
184 1981 331 2029 tergum
353 1966 462 2012 nodis
475 2001 487 2021 ‚
505 1966 638 2012 fremet
656 1966 830 2013 horridus
851 1985 918 2014 ore
938 1984 1106 2015 cruento.

144 2043 235 2086 Haec
254 2041 326 2087 ait:
352 2041 393 2088 &
415 2042 518 2087 Maia
545 2041 713 2104 genitum
730 2041 890 2088 demittit
908 2041 952 2087 ab
969 2042 1074 2096 alto;

78 2106 132 2161 Ut
150 2130 280 2165 terrae..
300 2130 416 2179 utque
437 2134 549 2162 novae
570 2131 717 2179 pateant
736 2114 969 2180 Carthaginis
987 2133 1089 2162 arces

80 2187 259 2251 Hospitio
277 2188 456 2235 Teucris:
480 2205 526 2234 ne
549 2188 612 2234 fati
633 2189 754 2235 nescia
773 2188 877 2235 Dido

79 2259 232 2306 Finibus
251 2277 403 2307 arceret.
438 2262 556 2308 Volat
573 2261 638 2308 ille
657 2281 725 2327 per
742 2280 824 2308 aera
849 2281 1024 2327 magnum

78 2334 255 2398 Remigio
275 2335 437 2381 alarum:
465 2355 507 2382 ac
524 2336 653 2400 Libyae
675 2336 765 2383 citus
784 2336 920 2383 adstitit
945 2338 1032 2384 oris=

81 2409 129 2452 Et
149 2406 220 2469 jam
240 2407 328 2470 juffa
346 2407 455 2455 facit:
486 2418 706 2473 'ponuntque
724 2408 864 2456 ferocia
879 2410 984 2456 Poeni

82 2478 235 2533 Corda,
254 2478 413 2527 volente
432 2482 532 2528 Deo.
564 2484 604 2527 111
621 2480 746 2545 primis
766 2479 894 2545 regina
914 2480 1081 2545 quietum

1274 172 1359 217 14¹

1214 417 1216 420 ,
1270 430 1358 474 275

1273 1163 1359 1217 285

1273 1540 1366 1585 29&

1279 2281 1373 2324 30oe
