1715 3028
358 194 450 227 110

507 312 568 367 P.
621 308 999 367 VIRGILII
1077 309 1484 369 MARONIS

353 404 1642 536 GEORGICON

938 616 1041 650 AD

459 718 917 769 C.CILN1UM
970 698 1514 770 MAECENATEM

690 853 1082 898 LIBER
1167 855 1282 901 IV.

662 1098 1327 1139 ARGUMENTUM.

351 1217 435 1258 Post
451 1220 604 1257 brevem
620 1218 664 1256 de
675 1218 810 1270 apibus
826 1218 867 1256 &
881 1217 1092 1257 mellatione
1108 1216 1398 1270 propositionem
1414 1248 1425 1265 ‚
1442 1218 1646 1258 dedicatio-

403 1295 561 1334 nemque
578 1280 727 1332 operis3
751 1293 844 1332 opus
858 1278 975 1331 ipsum
1006 1278 1091 1317 οὲὲο
1117 1279 1278 1332 partibus
1294 1278 1510 1332 exsequitur.
1534 1280 1564 1320 I.
1582 1277 1647 1321 De

405 1342 603 1381 commoda
622 1356 732 1395 apum
748 1342 985 1381 habitatione.
1002 1341 1048 1380 ΙΙ.
1069 1339 1131 1380 De
1147 1355 1273 1379 earum
1290 1341 1522 1392 pabulatione
1536 1373 1550 1389 ‚
1566 1356 1648 1382 exa·-

403 1405 590 1450 minibus,
616 1405 756 1457 pugnis.
782 1402 845 1441 111.
870 1402 934 1442 De
962 1401 1101 1440 duabus
1127 1416 1252 1441 earum
1274 1402 1480 1454 speciebus
1497 1403 1566 1442 IV.
1583 1404 1647 1443 De

404 1482 532 1505 earum
557 1466 656 1519 quasi
679 1465 777 1503 civili
796 1465 985 1517 prudentia
1001 1466 1042 1504 &
1067 1466 1262 1518 republica.
1284 1465 1336 1503 V.
1353 1464 1415 1503 De
1430 1465 1647 1505 mellationis

404 1529 644 1581 temporibus.
670 1527 738 1568 VI.
771 1527 833 1567 De
848 1528 988 1566 morbis
1013 1542 1148 1582 apum,
1165 1528 1455 1581 morborumque
1472 1528 1578 1582 signis
1603 1542 1647 1567 ac

404 1593 583 1633 remediis,
613 1592 697 1631 VII.
721 1591 783 1631 De
799 1606 911 1644 apum
930 1593 1157 1645 reparatione
1171 1622 1184 1639 ‚
1211 1604 1296 1630 cum
1316 1593 1507 1644 perierunt.
1537 1589 1644 1630 VIII.

402 1656 470 1696 De
485 1655 720 1707 reparationis
736 1654 843 1708 hujus
876 1655 1116 1700 inventione,
1137 1654 1176 1693 ὅ(
1193 1653 1338 1693 au&ore
1364 1653 1534 1693 Aristaeo
1546 1684 1557 1702 ‚
1580 1667 1646 1691 cu-

404 1717 465 1769 jus
484 1718 643 1757 fabulam
658 1717 794 1770 epilogi
819 1717 903 1755 loco
919 1716 993 1756 fuse
1008 1727 1153 1755 narrat:
1171 1716 1364 1769 eidemque
1383 1716 1508 1755 attexit
1533 1714 1645 1755 fabu-

404 1781 479 1820 lam
496 1780 703 1834 Eurydices
720 1780 762 1820 δὲ
775 1778 934 1833 Orphei.

356 1901 453 2016 P
467 1980 697 2011 Rorluus
715 1961 804 2007 aerii
827 1959 948 2007 mellis
975 1958 1138 2008 coelestia
1155 1962 1255 2009 dona

352 2039 552 2102 Exsequar.
577 2039 678 2082 Hauc
699 2034 833 2089 etiam,
851 2037 1040 2081 Maecenas
1054 2071 1066 2089 ‚
1087 2035 1234 2099 adspice
1253 2049 1406 2097 partem.

353 2111 577 2157 Admiranda
596 2109 662 2155 tibi
684 2109 824 2155 levium
844 2105 1050 2171 speetacula
1068 2125 1189 2154 rerum
1209 2142 1221 2161 ,

354 2182 692 2246 Magnanimosque
712 2182 824 2227 duces
839 2203 859 2234 ,-
873 2179 1063 2242 totiusque
1084 2178 1213 2227 ordine
1234 2179 1354 2243 gentis

354 2260 489 2304 Mores
510 2292 521 2310 ,
549 2256 589 2304 84
607 2256 719 2303 studia
737 2292 749 2310 ,
774 2255 815 2303 δι
833 2255 999 2319 populos
1015 2289 1027 2307 ,
1056 2253 1095 2300 &
1114 2252 1247 2318 proelia
1266 2252 1398 2301 dicam·
1621 2272 1639 2316 ς

356 2332 397 2375 ln
420 2329 517 2375 tenui
538 2330 668 2376 labor:
692 2345 726 2375 at
744 2327 863 2375 renuis
884 2346 962 2374 non
983 2325 1129 2391 gloria,
1159 2323 1185 2370 fi
1215 2344 1325 2389 quem

357 2401 517 2449 Numina
535 2403 629 2448 laeva
650 2402 769 2450 sinunt
787 2439 799 2456 .,
827 2403 1001 2464 auditque
1021 2416 1174 2446 vocatus
1193 2399 1352 2462 Apollo.

424 2476 612 2539 Principio
634 2476 737 2523 sedes
761 2477 888 2540 apibus
906 2473 1088 2537 statioque
1108 2473 1265 2537 petenda
1281 2508 1295 2528 ,
