1715 3028
352 156 447 233 178
675 152 1307 205 'RVIRGILII

337 259 491 310 *Insedit
510 298 522 317 ,
551 261 680 309 nimbo
699 261 885 323 effulgens
908 260 948 308 ὅ(
969 263 1158 325 Gorgone
1177 260 1282 307 saeva.

350 336 433 399 lpse
453 340 558 383 Pater
577 334 710 381 Danais
729 334 873 381 animos
893 333 1066 397 viresque
1093 333 1266 380 secundas

352 406 515 455 Sufficit:
538 409 617 473 ipse
635 412 739 455 Deos
765 407 802 454 in
818 408 988 454 Dardana
1010 406 1155 454 suscitat
1173 424 1281 453 arma.

352 480 465 545 Eripe
482 517 494 534 ‚
522 498 607 526 nate
622 517 633 534 ,
657 481 780 545 sugam
795 516 814 535 ‚¹
833 479 1024 544 finemque
1045 479 1201 544 impone
1221 477 1355 526 labori.-

352 553 544 615 Nusquam,
562 554 704 607 abero,
725 553 765 600 &
783 566 899 600 tutum
917 552 1040 617 patrio
1064 568 1100 599 te
1119 552 1250 600 limine
1271 551 1398 599 fistam.

348 624 506 672 Dixerat
523 646 532 671 :
562 625 601 672 ὅ(
622 625 732 690 spiffis
752 625 870 672 noffis
888 625 927 681 >se
947 624 1114 672 condidit
1130 625 1279 672 umbris.

353 701 548 763 Apparent
570 698 661 745 dirae
679 699 789 746 facies
804 734 817 754 ‚
843 698 1066 763 inimicaque
1082 700 1211 763 Trojae
1269 740 1283 747 -

353 772 515 819 Numina
537 791 670 837 magna
689 776 822 820 Deum.

406 849 514 892 Tum
535 866 628 894 vero
651 866 764 894 omne
782 847 871 894 mihi
897 847 1014 895 visum
1035 848 1229 896 confidere
1247 849 1285 896 in
1304 843 1414 915 ignisi

352 917 459 965 Ilium
477 954 488 973 ,
517 917 557 965 &
578 938 623 965 ex
647 918 723 966 imo
744 920 840 966 verti
857 920 1044 984 Neptunia
1062 922 1202 984 Troia:

348 998 411 1040 Ac
430 991 547 1038 veluti
568 992 712 1038 summis
731 992 919 1056 antiquam
940 992 975 1039 in
995 992 1186 1040 montibus
1207 1013 1340 1042 ornum
1361 1031 1374 1050 ‚

357 1070 456 1114 Cum
480 1067 579 1114 ferro
598 1065 751 1114 accisam
770 1066 982 1130 crebrisque
1006 1067 1231 1131 bipennibus
1258 1069 1387 1116 instant

356 1143 497 1186 Emere
517 1140 695 1203 agricolae
713 1139 902 1193 certatim3
923 1140 984 1185 illa
1003 1140 1118 1204 usque
1142 1140 1301 1187 minatur
1317 1177 1333 1196 ‚

358 1217 403 1261 Et
424 1214 632 1260 tremefaEta
653 1213 1002 1267 comam'concuffo
1023 1213 1164 1260 vertice
1190 1228 1291 1262 nutat
1309 1234 1323 1269 ;

355 1286 587 1333 Volneribus
608 1287 732 1332 donec
753 1281 925 1349 paulatim
945 1284 1062 1331 evi&
1081 1284 1291 1350 supremum

356 1360 592 1424 Congemuit
605 1396 617 1415 ,
637 1360 819 1424 traxitque
839 1359 936 1424 jugis
955 1360 1082 1406 avolsa
1100 1360 1249 1407 ruinam.

356 1433 557 1480 Descendo
572 1469 583 1488 ‚
604 1452 646 1480 ac
664 1434 825 1479 ducente
845 1437 931 1480 Deo
953 1434 1134 1480 flammam
1152 1434 1246 1480 inter
1264 1432 1302 1479 &
1319 1432 1433 1480 hostis

360 1507 566 1571 Expedior.
585 1510 682 1551 Dant
703 1506 775 1552 tela
799 1506 926 1552 locum
943 1541 955 1559 .,
976 1505 1209 1568 flammaeque
1228 1505 1419 1552 recedunt.

423 1583 547 1642 Atque
565 1578 626 1624 ubi
644 1579 715 1641 jam
737 1577 864 1642 patriae
886 1596 1106 1643 perventum
1125 1578 1170 1624 ad
1187 1577 1311 1624 limina
1331 1578 1424 1625 sedis
1438 1613 1452 1633 ‚

359 1650 616 1713 Antiquasque
638 1650 797 1704 domus3
820 1650 969 1714 genitor
984 1685 996 1704 ‚
1018 1668 1129 1714 quem
1148 1649 1286 1696 tollere
1313 1649 1352 1695 in
1372 1649 1468 1697 altos

360 1724 545 1789 Optabam
571 1723 728 1788 primum
745 1723 884 1770 montis
896 1759 908 1778 .,
934 1723 1167 1787 primumque
1185 1722 1355 1786 petebam
1374 1758 1388 1778 ‚

365 1799 533 1862 Abnegat
553 1797 672 1843 excisa
692 1797 804 1843 vitam
826 1796 1037 1861 producere
1055 1796 1173 1860 Troja
1187 1831 1200 1851 ‚

362 1871 614 1935 'Exsiliumque
637 1869 724 1935 pati.
752 1874 834 1916 Vos
855 1891 879 1916 o
896 1904 907 1924 ‚
935 1869 1066 1933 quibus
1086 1869 1235 1934 integer
1251 1869 1324 1917 aevi

361 1945 514 2009 Sanguis
534 1981 546 2000 ,
575 1945 625 1991 ait
643 1980 655 1998 ‚
679 1943 884 2008 solidaeque
910 1944 977 1991 suo
998 1943 1089 1990 stant
1106 1944 1248 1993 robore
1265 1942 1397 2000 vires:

363 2024 442 2067 Vos
466 2019 603 2083 agitate
623 2018 762 2081 fugam.

361 2098 432 2142 Me
456 2093 481 2139 fi
503 2092 691 2139 coelicolae
709 2088 913 2138 voluiffent
939 2088 1077 2136 ducere
1102 2089 1216 2136 vitam
1232 2124 1247 2145 ‚

360 2170 433 2214 Has
453 2165 541 2213 mihi
560 2165 755 2212 servaffent
776 2163 892 2210 sedes.
913 2163 1005 2210 Satis
1023 2182 1095 2210 una
1116 2162 1305 2227 superque

362 2239 531 2285 Vidimus
548 2237 714 2290 excidia,
737 2236 776 2283 &
795 2251 912 2299 captae
934 2234 1182 2299 superavimus
1206 2234 1299 2283 urbi.

364 2312 425 2357 Sic
447 2332 493 2365 o,
511 2311 560 2357 fic
577 2309 737 2376 positum
758 2308 867 2356 adfati
883 2308 1064 2354 discedite
1082 2325 1235 2371 corpus.

364 2387 447 2450 Ipse
465 2405 571 2433 manu
591 2401 751 2433 mortem
770 2385 966 2430 inveniam.
988 2381 1230 2429 Miserebitur
1249 2381 1397 2452 hostis}

366 2458 601 2522 Exuviasque
620 2473 736 2523 petet.
754 2457 885 2504 Facilis
901 2456 1040 2522 jaEtura
1057 2454 1232 2521 sepulcri.

1547 559 1644 607 6201

1550 922 1578 970 ¹6
1586 940 1608 967 2
1621 937 1646 985 52

1549 1653 1674 1716 635]

1519 2025 1524 2031 “
1552 2014 1649 2072 640
