1715 3028
358 171 444 204 ΜΞ,
678 160 732 205 Ρ.
805 159 1312 208 VJRG‘ILJI

350 266 514 330 Explent
530 302 542 319 ,,
567 266 845 330 ςοῙῙεᾶυηῑεῙιιε·
868 265 945 312 haec
964 265 1041 331 ipsa
1058 267 1104 312 ad
1121 278 1269 314 mun‘era
1288 269 1419 332 gluten
1581 289 1640 326 4ο

348 343 394 387 Et
418 341 523 388 visco
547 340 587 388 ὅ(
605 339 780 404 Phrygiae
797 340 941 386 servant
966 340 1049 404 pice
1074 339 1209 386 lentius
1228 341 1314 387 Idaes

345 419 454 480 Saepe
476 417 585 462 etiam
609 415 744 462 effoffis
767 414 820 474 (fi
843 434 931 462 vera
950 415 1001 462 est
1024 415 1144 474 fama)
1174 416 1321 463 latebris

344 492 421 537 Sub
444 506 540 536 terra
560 490 694 536 fodere
712 490 826 536 larem
846 525 857 544 ‚
886 488 1108 554 penitusque
1127 503 1286 552 repertae

342 564 627 628 Pumicibusque
649 564 746 610 cavis
764 600 775 618 ‚
794 564 988 626 exesaeque
1008 562 1150 609 arboris
1167 581 1285 609 antro.

341 641 400 684 Tu
425 654 545 685 tamen
568 639 609 686 ὅ(
635 638 710 684 levi
735 638 869 685 rimosa
897 637 1033 684 cubilia
1063 638 1154 684 limo
1575 653 1629 700 45

337 716 449 777 Unge
468 713 600 763 fovens
619 713 757 760 circum
777 748 789 767 .,
811 711 850 759 ὅ(
871 731 963 758 raras
986 708 1095 777 super
1115 712 1227 775 injice
1244 712 1397 759 frondis.

336 788 422 833 Neu
445 787 601 852 propius
621 788 726 834 reslis
744 802 866 833 taxum
888 786 963 833 fine
983 823 995 841 ,
1025 805 1119 833 neve
1145 786 1308 832 rubentis

336 861 414 906 Ure
435 860 526 907 foco
551 879 704 907 cancros
721 896 732 914 ,
752 860 837 907 altae
857 879 928 906 neu
949 861 1060 907 crede
1080 859 1204 925 paludi
1223 880 1231 905 :

333 940 411 980 Aut
428 933 490 980 ubi
511 935 610 981 odor
629 936 727 982 coeni
747 935 866 1000 gravis
883 970 894 988 ἢ
921 951 981 981 aut
999 935 1061 981 ubi
1079 953 1245 981 concava
1265 931 1372 998 pulsu

331 1012 421 1055 Saxa
444 1009 601 1064 sonant„
626 1011 806 1075 vocisque
829 1009 973 1057 offensa
992 1009 1142 1056 resultat
1161 1005 1297 1073 imago.
1571 1027 1624 1070 50

397 1084 516 1144 Quod
536 1083 699 1148 superest
718 1119 730 1137 ,
751 1085 813 1130 ubi
833 1083 973 1147 pulsam
993 1082 1152 1128 hiemem
1174 1081 1231 1127 sol
1249 1099 1379 1127 aureus
1400 1079 1478 1145 egit

329 1158 403 1203 Sub
424 1173 536 1204 terras
552 1193 564 1211 ‚
587 1159 801 1221 coelumque
827 1156 950 1203 aestiva
970 1157 1055 1201 luce
1075 1150 1222 1200 reclusit
1235 1187 1247 1205 .,›

323 1233 405 1280 Illae
431 1233 613 1280 continuo
641 1233 750 1278 saltus
773 1232 953 1296 silvasque
985 1246 1211 1296 peragrant,

325 1305 612 1370 Purpureosque
633 1321 774 1351 metunt
792 1305 907 1352 flores
923 1342 935 1360 ‚
956 1305 996 1352 Sc
1019 1304 1171 1351 flumina
1189 1301 1305 1350 libant

325 1381 474 1424 Summa
495 1378 611 1425 leves.
640 1379 735 1424 Hinc
759 1378 886 1424 nescio
911 1397 981 1441 qua
1005 1377 1203 1424 dulcedine
1223 1377 1317 1422 laerae
1563 1393 1613 1437 55

321 1452 549 1516 Progeniem
567 1452 751 1514 nidosque
774 1452 933 1498 fovent:
963 1451 1049 1497 hinc
1070 1466 1147 1497 arte
1167 1451 1327 1496 recentis

324 1526 520 1571 Excudunt
539 1543 637 1570 ceras
650 1560 661 1578 ‚
688 1524 727 1570 δι
746 1525 856 1570 mella
875 1523 1016 1570 tenacia
1036 1523 1191 1587 fingunt.

321 1599 418 1644 Hinc
436 1597 498 1644 ubi
516 1597 587 1660 jam
608 1597 771 1643 emiffum
795 1597 916 1644 caveis
940 1598 984 1643 ad
1010 1597 1125 1644 fidera
1149 1596 1239 1644 coeli

319 1675 420 1719 Nare
437 1690 503 1736 per
526 1671 682 1717 aestatem
702 1671 879 1734 liquidam
900 1671 1104 1735 suspexeris
1123 1690 1256 1736 agmen
1272 1708 1286 1726 ‚

321 1748 602 1812 Obscuramque
624 1747 716 1794 trahi
736 1766 852 1794 vento
874 1748 1056 1794 mirabere
1078 1748 1213 1793 nubem
1231 1769 1243 1800 ·,
1552 1754 1611 1794 60
1676 1799 1679 1801 μ

320 1824 615 1887 Contemplator
635 1845 642 1868 :
674 1841 783 1886 aquas
807 1822 949 1874 dulcis,
979 1822 1019 1868 ἃ
1035 1822 1191 1867 frondea
1213 1821 1357 1885 semper

317 1899 433 1944 Tecta
451 1914 595 1962 petunt.
616 1900 699 1943 Huc
719 1913 758 1943 tu
783 1897 894 1959 jussos
917 1896 1099 1961 adsperge
1120 1896 1270 1960 sapores
1290 1928 1302 1949 ‚

316 1970 421 2017 Trita
440 1970 677 2035 melisphylla
691 2007 702 2024 .,
725 1970 764 2017 ἃ
784 1969 959 2016 cerinthae
979 1968 1150 2034 ignobile
1173 1986 1322 2032 gramen
1345 1988 1353 2012 :

316 2047 565 2110 Tinnitusque
591 2047 647 2093 cie
668 2082 679 2100 ‚
703 2046 743 2093 δε
760 2045 893 2091 Matris
914 2061 1024 2108 quate
1044 2045 1211 2109 cymbala
1230 2044 1377 2090 circum„

316 2116 408 2178 Ipsae
436 2115 627 2163 confident
659 2116 848 2162 medicatis
873 2116 1046 2162 sedibus:
1070 2117 1158 2181 ipsae
1466 2118 1469 2121 ’
1544 2122 1598 2177 65

314 2188 441 2234 Intima
466 2208 571 2235 more
591 2189 657 2235 suo
684 2186 762 2234 sese
783 2188 821 2234 in
842 2188 1018 2234 cunabula
1037 2189 1213 2236 condent.

381 2260 443 2306 Sin
458 2278 579 2308 autem
599 2261 643 2308 ad
662 2279 826 2326 pugnam
842 2261 1025 2315 exierint3
1049 2280 1129 2307 nam
1146 2260 1242 2324 saepe
1261 2261 1406 2307 duobus

314 2333 479 2397 Regibus
502 2334 639 2381 inceflit
659 2353 797 2399 magno
823 2334 1006 2380 discordia
1030 2351 1134 2380 motu
1154 2370 1166 2387 ,

314 2408 590 2472 Continuoque
611 2409 754 2456 animos
774 2408 876 2472 vulgi
900 2409 939 2456 ὅ(
958 2409 1177 2472 trepidantia
1194 2409 1299 2455 bello

313 2479 442 2526 Corda
460 2479 549 2527 licet
567 2481 685 2544 longe
705 2480 959 2543 praesciscere:
988 2499 1145 2544 namque
1163 2481 1340 2528 morantis
1539 2497 1597 2540 70
