1715 3028
481 170 1077 225 BUCOLICA.
1414 183 1433 241 5

188 284 358 333 tradunt3
380 298 465 324 eum
480 294 605 323 tamen
618 314 630 330 ‚
652 282 728 322 five
744 282 830 330 suo,
848 282 927 323 sive
945 283 1062 323 Asinii
1078 282 1247 323 Pollionis
1264 283 1412 323 consilio
1424 316 1436 331 2

118 392 122 400 f
142 376 148 402 ss
181 350 344 389 Romam
353 347 556 401 profefhim
570 348 616 386 ab
627 345 796 400 Augusto
812 346 1005 386 obtinuiffe
1018 362 1029 395 ·‚
1041 357 1082 385 ut
1095 350 1173 401 agri
1187 345 1252 386 fibi
1272 345 1434 387 restitue-

180 422 323 459 rentur3
338 422 375 449 ut
385 410 478 449 adeo
488 409 552 449 sub
565 409 690 463 Tityri
707 408 861 461 persona
875 408 976 448 suam
987 409 1173 448 fortunam
1185 413 1295 463 poeta
1305 412 1436 449 adum-

180 474 356 512 braverit.
368 472 494 525 Atque
508 486 551 510 ea
562 472 635 509 iam
652 481 820 509 veterum
833 472 963 523 opinio
983 471 1057 510 suit.
1072 486 1111 510 v.
1131 471 1170 510 N
1173 471 1342 511 emesian.
1355 472 1437 513 Edi

181 535 231 584 II,
246 534 308 574 82.
320 534 495 587 Calpurn.
506 533 577 581 IV,
599 533 687 572 162.
701 532 827 572 Sidon.
841 532 900 572 lib.
915 533 946 579 Ι,
959 532 1027 586 Ep.
1044 546 1074 587 5.
1090 545 1129 572 ut
1145 533 1438 586 Quinelilianum

182 608 338 636 taceam.
360 596 473 648 Quae
487 609 542 634 res
555 595 637 634 ferri
655 594 773 648 potest
785 627 799 642 ,
822 596 939 634 modo
955 597 1126 650 allegoria
1140 611 1217 635 non
1233 597 1280 635 ad
1301 612 1433 637 omnes

182 660 305 699 versus
321 661 362 699 ἃ
384 660 500 699 verba
523 658 660 713 singula
680 660 968 699 circumferatur¹
989 659 1107 700 Scena
1129 672 1250 700 autem
1270 693 1280 710 ‚
1303 673 1343 700 ut
1365 662 1436 702 hae

146 746 154 749 ἢ
178 739 276 767 Vvoce
292 736 391 770 utar,
409 722 515 776 hujus
540 723 688 777 eclogae
704 724 754 762 est
776 725 949 764 umbrosa
964 725 1068 779 fagus
1089 727 1127 763 in
1147 725 1230 764 loco
1244 725 1435 764 arboribus

181 785 322 826 confito
333 817 345 834 ,
359 785 422 824 sub
439 800 510 840 qua
525 783 680 839 Tityrus
693 788 872 826 recubans
885 786 1073 840 pastoritio
1088 799 1195 827 cantu
1210 790 1327 827 otium
1341 797 1433 827 con-

177 851 306 896 sumit,
330 850 419 888 dum
441 863 590 904 gregem
604 862 790 890 errantem
804 852 991 905 prospicit.
1016 852 1136 891 Versu
1153 863 1278 891 tamen
1294 865 1432 906 52--59

177 915 380 953 accuratius
402 913 609 953 describitur
628 914 700 952 loci
720 914 930 967 prospef’rus
944 946 955 963 ‚
981 930 1206 969 quamquam
1224 915 1272 953 ibi
1293 930 1333 954 v.
1359 915 1427 963 48,

175 992 227 1031 49
237 978 399 1031 quamvis
409 977 504 1030 lapis
516 984 547 1015 o.
562 992 598 1015 n.
609 991 653 1015 ex
664 978 715 1015 rei
728 978 842 1030 magis
858 978 1009 1016 veritate
1024 975 1208 1029 adjetium
1224 976 1274 1015 est
1287 1008 1300 1023 ,
1317 991 1429 1030 qua-:m

174 1040 334 1093 poetices
353 1039 433 1093 lege
449 1070 462 1085 ,
483 1053 555 1092 qua
580 1038 837 1078 iucundiffima
856 1054 976 1078 rerum
994 1071 1006 1085 ‚
1029 1054 1095 1078 nec
1119 1039 1230 1078 foeda
1248 1039 1366 1092 aliqua
1390 1040 1430 1078 ὃ(

173 1103 314 1155 ingrata
336 1101 496 1155 imagine
514 1103 764 1141 contaminata
782 1101 891 1141 facies
909 1101 1115 1140 exhibenda
1134 1113 1220 1139 erat.
1246 1100 1310 1140 Ad
1326 1110 1428 1139 tanto

176 1164 355 1202 maiorem
368 1164 418 1202 rei
438 1163 703 1202 iucunditatem
724 1163 810 1202 facit
828 1164 1010 1202 contraria
1023 1162 1165 1201 alterius
1184 1161 1336 1214 pastoris
1352 1161 1428 1200 for-

177 1236 268 1264 tuna
285 1240 296 1273 ·‚
315 1239 386 1277 qua
399 1224 489 1262 nihil
506 1225 744 1262 commodius
758 1225 805 1262 ad
817 1224 942 1277 Tityri
958 1225 1166 1266 felicitatem
1181 1223 1428 1263 illustrandam
1479 1257 1483 1262 .

177 1288 460 1328 commemorari
479 1297 635 1340 poterat.
656 1289 796 1338 Heyne.

295 1449 1241 1500 MEL1BOEu-s‚T1TYRUs.

119 1639 166 1668 Μ.
188 1554 462 1671 TITYRE
476 1655 488 1674 ‚
510 1634 549 1665 tu
567 1619 704 1684 patulae
724 1619 903 1665 recubans
925 1619 990 1666 sub
1007 1620 1177 1685 'tegmine
1193 1621 1269 1686 fagi

116 1694 328 1742 Silvestrem
347 1693 451 1740 tenui
468 1693 616 1740 Musam
642 1693 830 1740 meditaris
860 1713 977 1740 avena
998 1712 1007 1736 2

116 1768 199 1811 Nos
219 1765 347 1830 patriae
364 1765 457 1810 fines
473 1801 484 1818 ‚
514 1764 554 1811 ἃ
574 1757 928 1828 ἀυΙεὶεῚίηῳιίηῃιέ
957 1784 1071 1820 arva3

104 1840 200 1900 Nos
230 1837 384 1902 patriam
404 1835 564 1900 fugimus
583 1858 591 1882 :
612 1852 674 1892 tu,
695 1837 828 1901 Tityre
846 1873 857 1890 7
884 1837 1007 1883 lentus
1027 1837 1065 1883 in
1086 1838 1215 1884 umbra

117 1910 338 1956 Formosam
355 1908 531 1955 resonare
549 1910 664 1956 doces
685 1911 915 1974 Amaryllida
933 1911 1052 1957 silvas.
1389 1928 1409 1972 ς

119 2003 157 2030 τ.
187 1987 221 2030 O
239 1983 426 2030 Meliboee
441 2019 453 2037 ‚
474 1986 576 2029 Deus
599 1983 708 2030 nobis
729 1983 808 2029 haec
830 1984 905 2030 otia
925 1985 1024 2031 fecit.

117 2061 288 2122 Namque
307 2058 377 2104 erit
394 2057 459 2104 ille
479 2058 569 2104 mihi
587 2058 732 2122 semper
749 2061 875 2104 Deus:
901 2058 999 2104 illius
1019 2078 1120 2107 aram

117 2136 225 2197 Saepe
244 2147 350 2178 tener
368 2131 500 2179 nostris
518 2132 562 2178 ab
588 2131 752 2178 ovilibus
777 2131 919 2178 imbuet
935 2150 1065 2196 agnus.

105 2206 186 2253 ‘Ille
207 2226 306 2254 meas
326 2226 448 2254 errare
467 2208 587 2254 boves
604 2244 616 2261 .,
635 2222 676 2253 ut
697 2206 817 2253 cernis
835 2243 846 2261 .,
868 2207 908 2254 ἃ
928 2207 1049 2272 ipsum

116 2281 283 2336 Ludere,
304 2301 387 2345 quae
405 2280 545 2327 vellem
558 2315 577 2335 ν,
599 2281 740 2328 calamo
764 2281 928 2345 permisit
951 2281 1096 2346 agresti.
1352 2306 1407 2333 κο

117 2374 167 2402 Μ.
187 2358 278 2403 Non
298 2356 472 2420 equidem
491 2356 671 2403 invideo:
693 2356 811 2403 miror
830 2356 958 2421 magis.
990 2357 1158 2421 undique
1176 2358 1265 2406 totis

115 2431 244 2495 Usque
264 2431 360 2477 adeo
379 2432 545 2478 turbatur
556 2431 669 2496 agris.
690 2450 736 2478 en
757 2468 768 2486 ‚
789 2431 868 2496 ipse
887 2432 1047 2496 capellas

113 2509 298 2555 Protenus
317 2524 418 2573 aeger
434 2524 533 2572 ago:
560 2506 654 2556 hanc
671 2506 785 2557 etiam
801 2505 865 2553 vix
878 2542 892 2562 ‚
910 2507 1042 2571 Tityre
1063 2544 1074 2562 ‚
1093 2508 1205 2556 duco⁴

1050 2587 1087 2632 A.
1123 2602 1151 2649 ᾗ
