1715 3028
293 187 384 231 ¹04
615 172 670 219 Ρ.
743 169 1239 217 VIRGILII

285 275 364 326 ‘Aut
385 276 590 341 impacatos
616 295 636 322 a
661 291 771 340 tergo
798 275 969 322 horrebis
995 276 1168 323 Hiberos.

287 354 396 414 Saepe
415 351 523 395 eriam
544 349 651 395 cursu
676 348 827 396 timidos
845 350 997 414 agitabis
1019 368 1180 415 onagros
1201 362 1216 406 ‚¹

287 427 334 470 Et
355 424 504 470 canibus
524 425 696 490 leporem
713 459 724 478 .,
745 424 892 471 canibus
912 425 1100 472 venabere
1118 425 1259 473 damast'
1485 445 1511 481 4
1524 444 1574 473 10

285 501 396 562 Saepe
425 499 633 545 volutabris
657 499 783 564 pulsos
809 499 1029 546 filvestribus
1057 519 1168 565 apros

285 574 431 619 Latratu
449 573 609 619 turbabis
627 592 740 637 agens
758 609 769 628 ‚
791 574 1003 637 montisque
1021 593 1088 638 per
1107 575 1203 621 altos

284 648 479 709 Ingentem
500 646 665 693 clamore
693 665 839 712 premes
863 647 908 693 ad
935 649 1026 694 retia
1045 653 1206 694 cervurnss

351 720 464 766 Disce
483 720 522 767 δι.
541 722 735 769 odoratam
752 722 898 768 stabulis
917 723 1123 769 accendere
1143 722 1293 769 cedrum
1310 757 1323 776 ‚

287 793 563 857 Galbaneoque
581 795 722 858 agitare
743 795 863 860 gravis
886 796 1019 842 nidore
1039 795 1251 860 chelydros.
1487 814 1512 853 4
1526 799 1573 857 1⁷5

285 871 395 933 Saepe
416 870 480 915 sub
501 869 664 916 immotis
682 871 908 935 praesepibus
930 886 990 918 aut
1011 871 1104 917 mala
1122 872 1218 917 tactu

287 942 428 1007 Vipera
447 944 595 990 delituit
613 980 624 998 ,
647 946 861 1009 coelumque
877 948 1051 994 exterrita
1071 945 1166 1010 fugit
1185 967 1194 990 τ

283 1015 365 1064 'Aut
382 1017 483 1063 teilo
505 1018 662 1064 affuetus
684 1018 840 1065 coluber
861 1019 1060 1065 succedere
1085 1019 1125 1065 ἃ
1143 1019 1281 1065 umbrae
1300 1029 1315 1073 ‚‘

287 1088 401 1137 Pestis
419 1091 550 1137 acerba
567 1092 683 1137 boum
700 1123 712 1144 ‚
740 1091 948 1155 pecorique
967 1091 1200 1155 adspergere¹
1213 1091 1313 1136 virus
1329 1098 1343 1143 ‚‘

286 1164 401 1211 Fovit
420 1164 580 1210 humum.
604 1167 709 1227 Cape
730 1163 810 1209 saxa
831 1183 939 1209 manu
954 1199 965 1218 ‚
985 1182 1076 1228 cape
1095 1164 1257 1218 robora,
1285 1162 1409 1227 pastor
1425 1198 1437 1217 ‚
1490 1181 1582 1218 420

286 1238 581 1300 Tollentemque
601 1236 716 1282 minas
740 1237 780 1284 ὅ(
797 1236 898 1282 fibila
919 1236 1018 1283 colla
1037 1252 1237 1283 tumentem

287 1310 434 1373 Dejice.
463 1314 612 1374 Jamque
631 1310 717 1373 fuga
734 1309 902 1357 timidum
923 1325 1032 1373 caput
1050 1310 1190 1355 abdidit
1207 1310 1280 1356 alte
1299 1346 1313 1364 ‚

289 1388 389 1431 Cum
409 1385 523 1432 medii
542 1404 656 1432 nexus
673 1421 684 1438 ‚
702 1400 954 1448 extremaeque
976 1385 1123 1448 agmina
1144 1386 1270 1431 caudae

289 1459 523 1511 Solvuntur,
544 1458 746 1520 tardosque
766 1458 876 1503 trahit
893 1457 989 1505 finus
1008 1458 1157 1503 ultimus
1176 1457 1290 1503 orbis.

291 1533 352 1579 Est
372 1533 482 1580 etiam
500 1533 565 1579 ille
582 1533 698 1578 malus
720 1532 887 1578 Calabris
907 1532 945 1577 in
966 1531 1113 1578 saltibus
1132 1530 1261 1594 anguis
1278 1565 1291 1584 ‚
1491 1545 1580 1594 425

290 1609 473 1670 Squamea
498 1605 737 1652 convolvens
758 1604 902 1651 sublato
927 1604 1081 1669 pe&ore
1101 1620 1230 1668 terga,

285 1678 416 1742 'Atque
438 1678 537 1724 notis
557 1679 713 1740 longam
736 1676 945 1723 maculosus
969 1676 1167 1740 grandibus
1187 1676 1309 1722 a'vum
1328 1697 1337 1719 :

289 1752 372 1814 Qui
393 1752 480 1797 dum
499 1769 623 1797 amnes
644 1749 711 1795 ulli
730 1764 948 1814 rumpuntur
970 1748 1135 1795 fontibus
1151 1783 1162 1801 ‚
1186 1747 1223 1794 &
1243 1749 1329 1793 dum

291 1829 393 1872 Vere
413 1825 562 1872 madent
580 1824 657 1870 udo
677 1839 785 1870 terrae
801 1859 813 1877 ‚
842 1842 884 1869 ac
909 1822 1130 1886 pluvialibus
1154 1821 1277 1867 austris
1294 1859 1311 1876 ,Δ
1339 1862 1342 1863 ⁷

293 1904 431 1965 Stagna
449 1899 542 1946 colit
561 1935 573 1953 ‚
600 1899 763 1963 ripisque
783 1898 950 1944 habitans
969 1933 982 1951 ‚
1007 1896 1067 1942 hic
1085 1895 1243 1960 piscibus·
1265 1911 1378 1941 atram
1495 1914 1587 1955 430

292 1973 491 2037 Improbus
512 1971 716 2035 ingluviem
740 1970 910 2034 ranisque
933 1968 1154 2033 loquacibus
1175 1967 1311 2031 explet.

292 2047 491 2109 Postquam
510 2045 630 2091 exusta
649 2045 752 2109 palus
772 2080 783 2099 ,
802 2059 985 2106 terraeque
1001 2042 1136 2089 ardore
1154 2040 1348 2087 dehiscunt
1362 2075 1375 2095 ,

295 2119 425 2164 Exfilit
444 2119 482 2164 in
502 2118 635 2165 siccum
653 2154 665 2172 ⁷
685 2117 724 2164 ὃ(
743 2115 965 2163 flammantia
985 2114 1124 2160 lumina
1145 2129 1326 2176 torquens

297 2191 413 2238 Saevit
433 2193 529 2256 agris
542 2228 553 2247 ‚
574 2192 756 2256 asperque
779 2189 833 2235 fiti
858 2204 968 2253 atque
987 2186 1180 2234 exterritus
1200 2184 1298 2235 aestuq

294 2268 359 2312 'Ne
381 2264 470 2310 mihi
491 2281 566 2311 tum
589 2265 715 2312 mollis
737 2264 802 2310 sub
821 2264 885 2310 dio
908 2280 1057 2326 carpere
1074 2261 1224 2307 somnos
1239 2294 1252 2312 ‚
1497 2276 1582 2323 435

297 2341 385 2385 Neu
403 2340 517 2385 dorso
537 2339 699 2385 nemoris
716 2339 830 2384 libeat
847 2337 995 2400 jacuisse
1017 2354 1083 2400 per
1102 2334 1254 2381 herbas:

297 2413 397 2456 Cum
418 2411 545 2474 positis
565 2430 685 2458 novus
706 2410 847 2457 exuviis
873 2409 1084 2472 nitidusque
1103 2409 1255 2471 juventa

300 2487 336 2539 ‚V
342 2483 481 2539 olvitur
497 2520 509 2539 ‚
533 2499 594 2531 aut
612 2484 755 2531 catulos
773 2483 877 2531 teffis
896 2497 957 2529 aut
978 2500 1050 2529 ova
1070 2480 1285 2544 relinquens
1303 2515 1318 2540 Ἃ
