1715 3028
357 144 546 202 uz·
653 136 742 187 ‚R
817 132 1373 181 VIRGJLJI·

357 244 557 291 ostentans
574 258 763 306 artemque
784 257 889 307 pater
905 259 1105 305 arcumque
1129 241 1334 288 sonantem·

353 318 427 364 Hic
450 317 568 364 oculis
593 316 750 363 subitum
776 315 954 378 objicitur
976 333 1189 380 magnoque
1208 316 1371 361 futurum

352 390 526 455 Augurio
548 385 760 437 monstrum.
796 390 940 436 Docuit
960 390 1043 454 post
1062 389 1181 436 exitus
1200 389 1330 453 ingens
1348 407 1360 434 τ

351 467 518 527 Seraque
535 463 686 510 terrifici
705 462 921 510 cecinerunt
941 463 1067 510 omina
1083 477 1198 509 vates.

353 538 529 599 Namque
549 537 682 584 volans
705 535 857 600 liquidis
876 535 911 583 in
933 536 1090 583 nubibus
1110 534 1194 582 arsit
1210 534 1384 589 arundo‚'

354 610 601 675 Signavitque
623 611 720 658 viam
740 611 894 658 flammis
912 647 924 664 ,
945 610 1140 674 tenuisque
1161 608 1302 656 receffit

353 684 559 732 Consumta
577 685 615 732 in
634 703 790 733 ventos:
811 685 913 734 coelo
933 704 1001 732 ceu
1027 685 1124 748 saepe
1145 684 1259 731 refixa

349 759 645 814 Transcurrunt,
666 759 880 823 crinemque
900 760 1068 806 volantia
1088 758 1203 806 sidera
1223 758 1374 804 ducunt.

352 832 533 879 Attonitis
554 832 694 879 haesere
713 831 842 879 animis
858 868 870 886 .,
897 831 1138 896 Superosque
1158 830 1300 896 precati

352 906 536 953 Trinacrii
555 906 770 970 Teucrique
788 907 858 953 viri
877 929 885 952 z
910 925 978 953 nec
998 905 1175 956 >maximus
1197 924 1308 952 omen

353 981 498 1027 Abnuit
520 986 655 1029 AEneas
675 1003 685 1035 ·‚
706 981 770 1028 sed
788 982 915 1028 laetum
934 981 1126 1045 amplexus
1153 980 1312 1026 Acesten

329 1079 330 1083 ¹
351 1055 576 1102 Muneribus
597 1055 757 1103 cumulat
775 1055 917 1119 magnis
935 1090 946 1109 ,
967 1074 1008 1101 ac
1029 1056 1114 1101 ralia
1133 1055 1229 1101 satur
1246 1075 1255 1099 :

355 1130 466 1174 Sume
482 1163 494 1181 .,
514 1143 641 1191 pater:
662 1146 744 1174 nam
765 1143 803 1174 re
820 1127 944 1174 voluit
961 1145 1025 1173 rex
1048 1145 1202 1191 magnus
1222 1124 1379 1190 Olympi

355 1200 509 1246 Talibus
525 1201 698 1265 auspiciis
717 1201 905 1248 exsortem
924 1201 1062 1247 ducere
1081 1200 1263 1253 honores.

354 1272 470 1337 Ipsius
489 1273 664 1320 Anchisae
683 1273 850 1339 longaevi
869 1273 944 1320 hoc
965 1292 1098 1319 munus
1119 1273 1272 1320 habebis
1296 1309 1309 1328 ,

357 1350 512 1399 ‚Cratera
531 1347 741 1412 impressum
764 1347 877 1412 signis
895 1369 903 1393 :
926 1366 1036 1412 quem
1055 1347 1235 1393 Thracius
1255 1346 1348 1393 olim

356 1418 533 1467 Anchisae
554 1419 720 1484 genitori
738 1420 775 1465 in
797 1438 936 1483 magno
955 1438 1110 1465 munere
1132 1419 1274 1465 Ciffeus

356 1494 470 1537 Ferre
495 1491 548 1536 sui
569 1492 723 1538 dederat
739 1506 1025 1536 monumentum
1052 1490 1090 1536 &
1112 1489 1247 1553 pignus
1265 1491 1414 1541 amoris*

355 1564 418 1610 Sic
439 1564 530 1610 fatus
551 1563 669 1628 cingit
687 1563 860 1609 viridanti
879 1578 1050 1627 tempora
1070 1563 1175 1609 lauro
1195 1583 1204 1607 :

356 1639 405 1683 Et
428 1636 587 1701 primum
606 1652 692 1682 ante
713 1635 834 1683 omnis
859 1636 1040 1682 vi&orem
1059 1634 1223 1698 appellat
1243 1631 1413 1678 Acesten.

357 1712 441 1756 Nec
459 1711 583 1757 bonus
605 1709 789 1774 Eurytion
811 1710 967 1774 praelato
991 1705 1317 1762 invidit1honor‘13

358 1784 543 1845 Quamvis
564 1784 665 1831 solus
684 1802 791 1833 avem
813 1783 915 1829 coelo
936 1782 1074 1845 dejecit
1095 1781 1139 1827 ab
1158 1780 1248 1827 alto.

359 1860 556 1907 Proximus
580 1858 786 1924 ingreditur
809 1857 917 1905 donis
937 1892 948 1911 ,
974 1855 1037 1920 qui
1059 1855 1208 1902 vincula
1226 1853 1325 1918 rupit
1343 1875 1354 1899 :

360 1937 555 1982 Extremus
568 1970 580 1988 ‚
600 1933 750 1981 volucri
767 1933 829 1997 qui
850 1931 930 1978 fixit
948 1930 1130 1978 arundine
1152 1929 1298 1975 malum.

424 2011 476 2054 At
498 2022 603 2072 pater
622 2011 758 2055 AEneas
772 2041 785 2061 ‚
806 2005 972 2052 nondum
993 2002 1195 2050 certamine
1208 1999 1315 2047 miffo
1335 2010 1351 2054 ‚'

358 2081 569 2127 Custodem
588 2080 632 2126 ad
653 2079 731 2127 sese
750 2078 1005 2141 comitemque
1026 2074 1185 2141 impubis
1205 2072 1274 2120 Iuli

360 2152 551 2218 Epytiden
571 2167 708 2206 vocat,
727 2151 767 2199 δι
785 2151 893 2197 fidam
910 2149 957 2195 fic
978 2149 1074 2195 fatur
1093 2148 1138 2194 ad
1158 2163 1284 2192 aurem
1303 2164 1313 2189 :

360 2228 466 2274 Vade
486 2246 555 2292 age
570 2263 582 2280 .,
603 2227 643 2274 Sc
657 2262 670 2281 ,
686 2225 843 2272 Ascanio
859 2260 871 2279 ‚
890 2223 916 2269 fi
936 2224 1007 2285 jam
1028 2220 1172 2287 puerile
1191 2233 1355 2283 paratum

361 2304 513 2364 Agmen
530 2299 642 2346 habet
658 2299 782 2346 secum
794 2334 807 2353 .,
825 2297 1024 2361 cursusque
1043 2292 1210 2341 instruxit
1229 2299 1439 2355 equorum}

360 2377 481 2420 Ducat
498 2393 571 2420 avo
593 2390 726 2420 turmas
740 2408 752 2427 ‚
773 2372 813 2419 ἃ
834 2371 912 2418 sese
931 2369 1095 2418 ostendat
1113 2367 1151 2413 in
1171 2366 1278 2413 armis
1291 2401 1305 2421 ‚

353 2446 452 2502 Εἰς,
471 2446 532 2496 ait.
553 2447 635 2512 lpse
657 2465 809 2496 omnem
827 2445 951 2510 longo
971 2442 1155 2491 decedere
1175 2439 1278 2488 circo

1564 549 1653 597 525.

1568 919 1658 966 53⁹

1570 1286 1654 1332 535

1569 1650 1586 1693 5
1598 1648 1659 1689 40

1517 2062 1519 2065 ,
1570 2013 1661 2063 54⁵,

1565 2381 1582 2426 5
1597 2379 1655 2431 59
