1715 3028
317 175 407 240 ηε
639 180 695 224 P.
767 176 1275 224 VIRGJLJI

311 285 552 349 Prospesffitn
569 285 641 331 late
659 285 798 349 pelago
819 284 939 348 petit3
959 283 1103 331 Anthea
1123 282 1149 329 fi
1168 302 1279 347 quem

307 360 480 407 laetatum
500 376 618 405 vento
640 359 788 412 videat,
810 358 1065 422 Phrygiasque
1082 357 1253 411 biremis,

307 436 383 479 Aut
405 436 540 497 Capyn
556 469 568 486 ‚
586 447 648 478 aut
666 431 770 478 celfis
790 431 828 477 in
854 432 1041 496 puppibus
1069 449 1166 478 arma
1193 430 1311 477 Caici.

307 507 455 551 Navem
473 505 511 550 in
532 504 735 569 conspeElu
756 504 904 552 nullam.
927 506 990 552 tris
1011 505 1126 552 litore
1150 522 1285 551 cervos

309 578 494 642 Prospicit
516 578 669 625 errantis
687 600 696 623 ε
720 578 789 625 hos
809 594 887 626 tota
909 594 1071 625 armenta
1097 578 1304 642 sequuntur
1522 580 1604 635 18‘5

308 656 344 698 A
364 667 498 716 tergo,
520 651 560 698 δι
580 652 739 717 longum
764 671 831 717 per
864 652 971 699 vallis
997 652 1157 717 pascitur
1179 669 1325 716 agmen.

310 726 490 773 Constitit
509 726 594 782 hic7
614 744 813 790 arcumque
833 745 938 772 manu
961 725 1171 790 celerisque
1201 724 1352 790 sagittas

311 798 536 863 Corripuit3
555 798 648 845 fidus
677 818 762 863 quae
787 799 861 844 tela
885 800 1040 863 gerebat
1059 798 1243 853 Achates3

309 872 573 935 Duuoresque
591 871 693 936 ipsos
712 870 872 935 primum
887 908 900 926 ‚
921 872 1039 935 capita
1059 872 1131 918 alta
1149 870 1303 919 ferentis
1317 906 1331 925 ‚

310 945 502 991 Cornibus
523 945 713 999 arboreis,
732 945 881 999 sternit;
905 961 982 991 tum
1006 945 1169 1010 volgusz
1195 945 1234 993 &
1256 962 1407 992 omnem
1518 961 1611 1004 190

309 1019 452 1067 Miscet
474 1038 587 1084 agens
615 1020 698 1066 telis
727 1038 881 1066 nemora
908 1021 1004 1066 inter
1029 1020 1188 1066 frondea
1209 1019 1380 1066 turbam:

310 1096 394 1140 Nec
413 1094 513 1158 prius
531 1093 664 1139 absistit
678 1129 689 1147 ,
708 1112 817 1156 quam
836 1093 979 1157 septem
1000 1092 1167 1156 ingentia
1186 1091 1309 1138 vietor

314 1169 496 1230 Corpora
515 1166 644 1212 fundat
664 1166 764 1211 hurni
777 1201 790 1220 ‚
812 1166 852 1212 δε
871 1183 1065 1212 numerum
1091 1183 1174 1210 cum
1195 1165 1348 1210 navibus
1367 1178 1504 1228 aequet.

312 1240 412 1287 Hinc
428 1257 580 1305 portum
601 1240 697 1304 petit
711 1276 722 1294 ,
744 1240 784 1287 ὅ(
803 1239 928 1287 socios
948 1239 1103 1304 partitur
1121 1239 1159 1285 in
1180 1239 1311 1286 omnis.

311 1315 433 1370 Vina,
452 1317 575 1362 bonus
596 1335 680 1379 quae
699 1315 839 1362 deinde
858 1315 956 1362 cadis
975 1330 1147 1362 onerarat
1163 1314 1315 1361 Acestes
1522 1325 1604 1372 195

313 1389 443 1436 Litore
462 1389 659 1437 Trinacrio
681 1390 910 1453 dederatque
930 1389 1150 1436 abeuntibus
1168 1389 1281 1435 heros
1295 1424 1309 1442 ‚

316 1463 468 1509 Dividit
483 1499 496 1517 ,
516 1463 555 1510 ἃ
574 1463 680 1509 diffis
699 1463 893 1508 moerentia
912 1462 1064 1525 pestora
1080 1461 1243 1507 mulcet:

383 1541 420 1584 O
441 1536 558 1590 socii,
578 1541 732 1600 (neque
753 1537 850 1582 euim
871 1535 987 1600 ignari
1008 1535 1129 1581 sumus
1147 1551 1231 1581 ante
1251 1533 1465 1591 malorum)

320 1615 359 1658 O
379 1610 510 1675 paffir,
485 1610 683 1663 Graviora3
704 1610 804 1655 dabir
822 1611 912 1655 deus
931 1608 985 1654 his
1004 1625 1160 1672 quoque
1178 1606 1304 1653 finem.

313 1689 397 1732 Vos
416 1684 457 1732 ὅ(
475 1684 672 1748 Scyllaeam
690 1684 831 1730 rabiem
851 1683 1076 1748 penitusque
1096 1681 1259 1731 sonantis
1519 1699 1610 1727 200

310 1759 479 1807 Accestis
501 1758 703 1823 scopulos:
733 1778 804 1805 vos
823 1759 863 1806 &
880 1758 1071 1823 Cyclopia
1099 1757 1180 1803 saxa

320 1831 487 1897 Experti.
524 1835 718 1878 Revocate
738 1831 912 1886 animos
929 1831 1177 1892 moestumque
1195 1828 1372 1876 timorem

318 1905 478 1953 Mittite.
515 1904 655 1951 Forsan
674 1905 715 1951 &
733 1904 815 1950 haec
835 1903 927 1951 olim
947 1902 1150 1949 meminisse
1167 1901 1321 1966 juvabit.⁷

318 1985 389 2028 Per
409 1978 535 2026 varios
555 1978 655 2024 casus
670 2014 682 2032 ,
700 1996 767 2042 per
785 1992 844 2024 tot
862 1976 1073 2023 discrimina
1091 1993 1215 2022 rerum

318 2054 524 2101 Tendimus
542 2052 580 2098 in
600 2051 765 2097 Latium:
789 2051 893 2098 sedes
911 2049 975 2096 ubi
994 2049 1065 2096 fata
1085 2048 1226 2113 quietas
1462 2105 1464 2107 .
1527 2063 1612 2106 205

322 2129 547 2176 Ostendant.
584 2126 665 2174 Illic
686 2126 737 2172 fas
758 2144 874 2190 regua
893 2124 1087 2189 resurgere
1105 2123 1248 2186 Trojae.

322 2204 466 2249 Durate
480 2237 493 2254 ‚
512 2201 552 2248 &
571 2199 720 2246 vosmet
739 2199 849 2245 rebus
871 2198 1013 2244 servate
1034 2195 1213 2242 secundis.

391 2277 497 2323 Talia
516 2295 616 2323 voce
636 2276 773 2322 refert:
796 2273 968 2337 curisque
987 2271 1199 2335 ingentibus
1217 2288 1318 2334 aeger

331 2352 446 2413 Spem
465 2350 571 2395 vultu
591 2348 733 2394 simulat
747 2384 760 2402 ,
777 2348 912 2412 premit
939 2346 1050 2392 altum
1069 2343 1185 2390 corde
1204 2343 1393 2390 dolorem.

327 2423 388 2470 llli
407 2423 444 2469 se
464 2424 601 2488 praedae
616 2423 837 2487 accingunt,
856 2419 1086 2485 dapibusque
1107 2417 1237 2464 suturis
1252 2438 1265 2463 ι
1527 2434 1552 2461 2
1565 2432 1620 2462 ιο

327 2499 502 2560 Tergora
520 2495 709 2560 deripiunt
727 2494 836 2541 costis
851 2529 865 2548 ‚
884 2493 926 2541 δι
941 2491 1082 2539 viscera
1100 2490 1257 2540 nudant.
