1715 3028
329 128 419 176 228
651 129 706 173 P.
778 124 1277 171 VIRGILII

320 235 417 277 Rura
434 245 564 277 tenent
581 267 593 285 ‚
609 232 744 278 somno
762 227 893 293 pofitoe
914 229 977 274 snb
996 229 1107 276 nosse
1124 229 1245 277 {ilenti

320 304 499 350 Lenibant
518 319 618 348 curas
635 339 647 357 ,
673 300 713 347 ἃ
732 300 846 347 corda
866 299 982 347 oblita
1007 301 1187 348 laborum.

322 383 372 427 At
391 398 468 426 non
489 377 620 424 infelix
639 375 752 422 animi
775 375 955 422 Phoeniffa
971 413 983 432 ‚
1005 395 1127 440 neque
1143 396 1306 442 unquam

321 455 490 502 Solvitur
506 454 543 500 in
565 454 717 500 somnos
732 488 744 507 ‚
770 451 936 499 oculisve
957 467 1018 497 aut
1035 451 1189 516 pestore
1210 454 1358 500 nossem
1529 476 1618 519 530

323 528 482 592 Accipit.
504 527 734 592 Ingeminant
754 545 874 573 curae:
894 527 1088 589 rursusque
1105 527 1299 587 resurgens

323 602 436 647 Saevit
454 620 559 647 amor
573 637 584 655 ‚
603 618 819 665 magnoque
837 601 970 647 irarum
991 600 1142 647 fiuuuat
1163 588 1263 647 aeslu.

324 676 386 722 sic
404 676 501 722 adeo
522 675 673 729 insistit,
700 675 899 738 secumque
921 674 967 720 ita
990 674 1104 720 corde
1124 675 1297 721 volutat:

328 753 383 796 En
401 785 413 804 ‚
436 750 526 814 quid
546 755 648 813 ago?
667 748 837 795 rursusne
865 765 1004 812 procos
1023 747 1123 793 irrisa
1147 747 1292 811 priores

329 822 538 888 Experiar?
560 822 848 884 Nomadumque
869 837 990 885 petam
1016 820 1204 867 connubia
1228 820 1383 885 supplex
1397 855 1410 874 ‚
1529 838 1552 887 Ἰς
1566 839 1584 879 3
1599 834 1626 884 5j

326 899 438 957 Quos
465 914 540 959 ego
561 894 624 941 slm
644 893 758 941 toties
778 894 850 957 jam
871 893 1071 956 dedignata
1091 892 1243 939 maritos
1266 899 1279 939 ?
1529 889 1531 904 '

325 969 452 1016 Iliacas
470 969 583 1033 igitur
602 967 713 1014 claffis
727 1004 739 1020 ,
765 984 876 1031 atque
901 967 1029 1013 ultima
1047 970 1234 1013 Teucrum

325 1047 417 1094 luffa
438 1046 594 1109 sequar?
613 1044 744 1108 quiane
766 1044 906 1091 auxilio
927 1045 1030 1107 juvat
1052 1059 1137 1089 ante
1155 1042 1302 1089 levatos
1320 1051 1336 1096 ‚‘

329 1123 405 1166 Aut
423 1120 521 1166 bene
546 1119 643 1183 apud
661 1137 846 1164 memores
866 1117 1002 1164 veteris
1021 1116 1087 1162 stat
1107 1115 1222 1180 gratia
1247 1115 1330 1162 faffi
1348 1123 1363 1162 ?

331 1190 428 1252 Quis
447 1211 506 1246 me
523 1206 645 1236 autem
664 1190 748 1248 (fac
768 1190 893 1248 velle)
921 1188 1041 1243 finet3
1062 1188 1250 1235 ratibusve
1268 1187 1436 1253 superbis
1538 1208 1627 1251 540

332 1262 493 1309 Invisam
513 1262 703 1326 accipiet?
728 1260 844 1307 nescis
865 1260 937 1306 heu
953 1294 963 1314 ,
987 1259 1156 1324 perdita3
1181 1261 1342 1306 necdum

332 1336 628 1383 Laomedonteae
648 1335 760 1381 sentis
778 1334 940 1399 perjuria
964 1332 1114 1398 gentis?

334 1409 440 1471 Quid
459 1424 534 1454 tum
556 1416 569 1454 ?
595 1407 672 1455 sola
690 1407 778 1471 fuga
796 1422 921 1453 nautas
938 1406 1149 1453 comitabor
1166 1404 1313 1452 ovantis
1327 1440 1342 1459 ‚

337 1486 396 1530 An
414 1481 539 1545 Tyriis
555 1517 566 1535 ,
590 1480 770 1542 omnique
788 1498 896 1525 manu
916 1479 1041 1542 stipata
1057 1496 1228 1523 meorum

336 1556 504 1602 Inferar?
527 1555 566 1601 ἃ
586 1573 682 1617 quos
700 1552 854 1600 Sidonia
874 1553 935 1597 vix
961 1550 1052 1596 urbe
1073 1549 1206 1595 revelli
1223 1583 1235 1602 ‚
1547 1566 1637 1616 545ss

338 1621 474 1678 Rursus
500 1648 605 1694 agam
628 1629 766 1693 pelago
782 1664 793 1681 ‚
814 1627 854 1674 ἃ
873 1625 994 1673 ventis
1015 1625 1102 1670 dare
1123 1623 1206 1669 vela
1232 1623 1373 1685 jubebo
1392 1629 1407 1670 ἓ

339 1704 446 1766 Quin
473 1722 621 1750 morere
639 1738 651 1753 ,
679 1716 719 1747 ut
739 1700 866 1746 merita
885 1718 949 1753 es·,
968 1699 1147 1761 ferroque
1168 1712 1296 1742 averte
1313 1697 1504 1744 dolorem.

1687 287 1709 311 Ὶὶ

340 1782 401 1825 Tu
423 1777 580 1824 lacrimis
598 1775 714 1823 evffita
734 1775 825 1822 meis
846 1811 857 1829 ‚
885 1789 923 1820 tu
945 1773 1063 1838 prima
1081 1772 1267 1817 furentem

342 1851 409 1900 His
424 1886 436 1905 ‚
454 1868 627 1914 germana
644 1885 655 1903 ‚
673 1848 776 1895 malis
796 1866 929 1895 oneras
942 1884 954 1901 .,
972 1862 1084 1910 atque
1106 1845 1238 1908 objicis
1259 1845 1367 1891 hosti.

342 1927 437 1971 Non
456 1922 561 1969 licuit
580 1922 728 1968 thalami
748 1937 940 1987 expertem
958 1920 1035 1966 fine
1053 1919 1208 1965 crimine
1230 1917 1344 1964 vitam
1551 1935 1640 1981 550
1696 1928 1698 1930 ’

346 2002 499 2062 Degere
516 2016 623 2044 more
643 1997 733 2044 ferae
753 2033 765 2052 ‚
791 1996 872 2043 talis
900 2014 969 2042 nec
987 2011 1142 2058 tangere
1160 2008 1261 2039 curas
1279 1998 1294 2038 ἓ

323 2067 325 2070 ⁴
349 2075 441 2119 Non
460 2073 600 2118 servata
618 2072 708 2118 sides
724 2108 735 2125 ‚
755 2070 871 2117 cineri
896 2069 1070 2135 promissa
1089 2068 1248 2114 Sichaeo.

350 2149 494 2192 Tantos
511 2145 574 2191 illa
597 2145 664 2192 suo
689 2145 886 2209 rumpebat
909 2145 1065 2208 pestore
1085 2142 1240 2206 questus.

418 2224 553 2267 AEneas
581 2220 678 2267 celsa
696 2220 733 2266 in
755 2218 874 2285 puppi
888 2254 900 2272 ‚
918 2219 991 2281 jam
1011 2235 1129 2263 certus
1154 2213 1266 2261 eundi
1287 2249 1301 2269 ‚

354 2295 543 2359 Carpebat
568 2295 722 2342 somnos
740 2331 752 2349 ‚
776 2295 885 2341 rebus
906 2294 977 2357 jam
996 2292 1065 2339 rite
1086 2290 1229 2356 paratis.
1559 2304 1641 2350 555

355 2368 452 2414 Huic
473 2367 509 2413 se
526 2368 645 2415 forma
663 2368 736 2415 Dei
756 2368 866 2414 voltu
893 2364 1082 2413 redeuntis
1104 2364 1241 2409 eodem

357 2440 507 2489 Obtulit
524 2440 560 2487 in
581 2441 720 2489 somnis
736 2477 749 2496 ‚
776 2440 971 2504 rursusque
990 2440 1039 2485 ita
1057 2437 1132 2484 visa
1150 2455 1306 2484 monere
1326 2436 1404 2490 est3
