1715 3028
477 138 1053 219 B'UCOLICA.
1387 176 1423 232 9

308 323 736 369 ALEXIS.
816 324 1121 369 ECLOGA
1178 321 1260 366 ΙΙ,

376 458 1156 501 ARGUMENTUM.

127 586 316 641 Corydon
329 586 452 639 pastor
467 617 479 634 ,
504 585 668 625 Alexidis
681 588 781 639 pueri
796 617 808 635 ,
831 587 892 640 qui
906 601 927 625 a
943 587 1137 626 communi
1164 584 1344 638 utriusque
1359 584 1424 624 do=

181 650 286 688 mino
301 648 491 687 amabatur
502 679 515 695 ‚
533 647 658 687 insano
680 663 806 688 amore
821 663 908 687 cum
918 648 1074 696 fureret,
1097 648 1269 687 miserum
1283 647 1333 686 sui
1347 649 1423 686 ani-

180 714 232 751 rni
246 710 418 750 affectum
433 711 505 749 hoc
523 708 682 750 carmine
698 711 864 764 exponit.
888 711 1010 750 Etiam
1027 712 1062 748 in
1084 709 1191 764 hujus
1203 710 1362 764 Eclogae
1379 710 1424 748 al-

179 773 313 827 legoria
332 773 528 812 retexenda
543 773 670 812 misere
686 773 720 812 se
736 785 910 827 torquent
929 776 1138 827 interpretes
1153 805 1167 820 ,
1185 789 1270 813 cum
1295 788 1316 812 a
1332 773 1421 812 Ser*-

179 837 243 875 vio
263 836 301 875 &
317 836 393 874 aliis
409 836 583 875 traditum
596 835 826 889 accepissent,
840 836 974 876 Alexin
987 836 1062 875 sive
1078 835 1196 875 Asinii
1216 836 1392 874 Pollionis
1406 867 1421 883 ,

179 897 255 937 slve
273 898 498 937 Maecenatis
523 913 677 952 puerum
702 897 827 945 fuisse,
855 914 876 937 a
898 898 1052 952 Virgilio
1075 910 1261 947 amatum3
1284 912 1421 951 quam-

177 974 288 1014 quam
308 959 384 1012 ejus
403 962 455 1000 rei
478 975 555 999 non
572 961 657 999 satis
679 960 847 999 constans
871 960 971 998 fama
996 960 1062 998 fuit
1079 976 1090 1009 3
1106 960 1154 1002 cf.
1173 960 1354 999 Martinus
1373 961 1421 1000 ad

177 1038 215 1065 v.
237 1037 252 1061 1
267 1054 280 1070 ‚
298 1024 338 1062 &
351 1022 543 1064 Catroeus.
566 1022 679 1074 Quae
694 1024 743 1061 ita
756 1022 900 1061 secusne
914 1022 984 1061 sese
1000 1023 1181 1069 habeant,
1198 1022 1284 1061 scire
1298 1024 1421 1075 utique

176 1087 263 1125 nihil
287 1086 417 1136 refertg,
444 1101 562 1140 neque
584 1086 628 1125 de
654 1086 757 1128 castis
776 1087 925 1140 Virgilii
947 1088 1112 1125 moribus
1138 1085 1317 1138 disputare
1341 1086 1379 1124 h.
1398 1085 1421 1126 l.

176 1151 313 1188 attinet.
332 1149 374 1188 In
394 1152 687 1203 interpretatione
707 1162 831 1189 tamen
847 1151 894 1189 ad
917 1150 1001 1188 talia
1018 1162 1231 1188 commenta
1247 1148 1421 1201 respicere

176 1225 251 1250 non
265 1211 451 1264 possumus
464 1244 476 1259 ‚
498 1214 539 1251 ὃ(
551 1214 646 1252 forte
659 1225 778 1252 totam
793 1216 888 1252 hanc
904 1215 949 1253 de
963 1215 1091 1252 infami
1108 1213 1254 1266 Virgilii
1275 1213 1421 1252 libidine

177 1270 337 1310 fabulam
350 1271 688 1313 Grammaticorum
701 1278 852 1328 pruritui
870 1276 1063 1329 allegorice
1078 1275 1216 1330 singula
1230 1289 1420 1327 exponen-

176 1333 211 1372 di
228 1334 417 1373 debemus.
436 1336 555 1375 Potuit
572 1338 670 1375 enim
682 1338 858 1391 Virgilius
875 1340 911 1376 in
935 1340 1086 1393 gratiam
1113 1339 1220 1377 amici
1242 1338 1389 1391 alicujus
1406 1371 1420 1386 ,

172 1406 235 1435 aut
246 1398 377 1449 ingenii
391 1398 495 1436 causa
505 1429 518 1445 ,
536 1398 630 1437 forte
644 1411 684 1438 ut
699 1399 943 1439 Theocritum
956 1403 1159 1441 imitatione
1179 1403 1397 1454 exprimeret
1409 1432 1423 1451 ‚

173 1459 265 1499 haec
283 1459 446 1500 scribere.
471 1461 544 1500 Sed
560 1462 648 1500 illud
670 1475 795 1502 tenere
820 1463 900 1502 satis
916 1464 967 1502 est
984 1496 996 1513 ,
1021 1467 1176 1517 exprimi
1196 1466 1265 1504 hac
1282 1465 1421 1520 Ecloga

171 1524 321 1577 egregio
346 1538 431 1563 cum
452 1525 608 1565 artificio
631 1525 769 1566 aestum
786 1527 826 1566 ἃ
851 1527 960 1567 furias
984 1531 1145 1576 amoris,
1175 1544 1251 1582 quo
1272 1528 1420 1584 pastor,

171 1600 286 1625 verna
307 1586 405 1627 Iolae
418 1620 431 1636 ,
449 1591 598 1628 nomine
616 1590 802 1644 Corydon
815 1622 827 1640 ‚
848 1592 884 1629 in
900 1592 1036 1631 Alexin
1060 1591 1189 1631 misere
1213 1591 1392 1632 exarserat
1405 1621 1418 1638 ,

172 1651 230 1702 qui
248 1649 387 1706 domini
408 1651 561 1692 amasius
589 1664 675 1692 erat.
705 1655 830 1693 Locus
855 1665 976 1693 autem
994 1684 1007 1700 ‚
1028 1656 1063 1692 in
1084 1669 1158 1707 quo
1175 1654 1231 1693 ille
1253 1655 1420 1694 dolorem

171 1713 284 1751 animi
303 1709 462 1753 carmine
484 1716 630 1769 mitigat
644 1746 655 1762 ‚
676 1714 1016 1755 convenientissime
1031 1716 1245 1755 describitur
1258 1732 1295 1755 v.
1318 1729 1420 1771 3--5.

171 1787 296 1814 amant
319 1787 481 1815 amantes
506 1776 737 1816 solitudinem
769 1777 955 1817 silvarum.
1001 1778 1142 1818 Siculos
1169 1794 1261 1819 vero
1284 1781 1319 1817 in
1347 1780 1418 1819 hac

172 1835 312 1889 Ecloga
329 1835 491 1888 pastores
511 1838 680 1876 inducere
697 1839 844 1877 videtur
862 1870 873 1888 ‚
894 1840 971 1879 vid.
989 1856 1026 1880 v.
1045 1855 1105 1881 21.
1132 1840 1227 1893 Quo
1250 1841 1329 1894 ipso
1354 1858 1418 1881 ar-

173 1901 294 1953 gutiae
312 1900 502 1953 allegoriae
526 1904 744 1952 concidunt3
762 1919 855 1957 quae
871 1905 975 1957 plane
990 1919 1162 1946 corruunt
1174 1938 1186 1954 ,
1212 1905 1239 1945 si
1255 1907 1417 1959 expressa

174 1960 343 2013 pleraque
365 1975 410 1999 ex
425 1960 627 2002 Theocrito
648 1967 784 2019 cogites
797 1995 809 2010 ,
826 1967 989 2018 inprimis
1002 1983 1047 2007 ex
1060 1968 1167 2021 Idyll.
1184 1967 1263 2015 XI,
1285 1969 1417 2009 XXIII

173 2023 215 2061 &
237 2022 289 2061 HI
301 2054 314 2069 ,
335 2037 428 2075 quae
455 2035 577 2063 tamen
594 2057 605 2075 ‚
629 2027 656 2065 sl
682 2042 767 2066 cum
794 2029 849 2067 his
873 2044 1089 2084 compares,
1110 2033 1228 2072 multo
1255 2032 1416 2073 dulciora

172 2082 243 2123 effe
256 2116 268 2134 ‚
282 2086 346 2124 vix
369 2087 522 2127 inficiari
536 2088 659 2143 possis,

114 2199 466 2317 FORMOSUM
500 2269 624 2333 pastor
648 2271 838 2335 Corydon
860 2272 1011 2319 ardebat
1029 2274 1165 2322 Alexin
1183 2312 1196 2331 ,ᾖ

112 2340 278 2387 Delicias
299 2342 466 2389 domini:
495 2362 564 2389 nec
580 2380 592 2398 ,
621 2345 710 2407 quid
728 2346 918 2409 speraret,
944 2348 1112 2396 habebat.

111 2416 274 2463 Tantum
292 2417 389 2464 inter
405 2419 535 2467 densas
554 2456 566 2474 ‚
596 2423 770 2468 umbrosa
792 2424 980 2470 cacumina
998 2461 1009 2479 ,
1039 2426 1146 2491 sagos

110 2488 259 2540 Affidue
279 2491 467 2543 veniebat.
503 2494 555 2544 ibi
576 2495 657 2542 haec
675 2496 868 2544 incondita
887 2488 987 2545 soliis
