1715 3028
370 159 466 223 2278
700 164 755 210 P.
827 140 1321 214 VIRG'JLJJ

374 267 422 313 Hi
442 267 629 314 dominam
648 267 746 314 Ditis
765 267 926 316 thalamo
946 269 1131 316 deducere
1149 272 1283 319 adorti.

373 343 476 400 Quae
498 358 628 387 contra
647 340 811 386 breviter
827 340 899 387 fata
919 341 968 387 est
992 342 1207 406 Amphrysia
1229 360 1354 392 vates:

375 413 501 458 Nullae
519 412 580 458 hic
601 413 739 459 infidiae
757 414 847 460 tales
863 436 874 469 3
893 414 1019 461 abfiste
1038 417 1182 462 moveri
1202 437 1211 462 ε

376 489 459 533 Nec
479 487 554 533 vim
571 488 643 535 tela
662 489 786 535 ferunt
800 490 915 536 :licet
935 490 1068 553 ingens
1091 491 1230 554 janitor
1245 508 1353 540 antro

371 555 573 599 ‘JEternum
591 554 721 600 latrans
747 554 940 619 exsanguis
968 571 1103 602 terreat
1126 557 1296 604 umbras:

377 627 485 672 Casta
502 628 591 674 licet
609 628 729 692 patrui
754 628 875 674 servet
891 629 1111 694 Proserpina
1135 630 1261 676 limen.

376 702 516 746 Tro'i'us
535 705 669 747 AEneas
685 737 696 755 ‚
715 699 853 764 pietate
871 699 1021 763 infigni‘s
1042 700 1081 747 ὅ(
1099 702 1205 747 armis
1226 739 1238 756 .,

376 773 437 824 Ad
455 771 669 836 genitorem
687 772 775 818 imas
798 772 907 819 Erebi
927 772 1116 818 descendit
1139 775 1182 820 ad
1200 774 1355 820 umbras.

376 847 415 893 Si
438 863 474 893 te
497 848 598 894 nulla
621 863 750 894 movet
769 863 879 894 tantae
903 845 1049 910 pietatis
1076 846 1226 911 imagO,

371 923 425 970 ‘At
445 941 582 969 ramum
601 923 699 969 hunc
717 922 865 986 (aperit
882 939 1021 966 ramum
1039 921 1102 983 qui
1122 922 1221 967 veste
1241 921 1411 982 latebat)

375 995 582 1059 Agnoscat».
604 995 764 1041 Tumida
784 1014 827 1041 ex
848 994 900 1039 ira
918 1010 994 1043 tum
1017 993 1130 1038 corda
1147 993 1321 1039 residunt.

375 1070 460 1114 Nec
479 1069 584 1132 plura
601 1067 668 1113 his.
695 1068 763 1113 Ille
782 1066 959 1112 admirans
984 1065 1200 1110 venerabile
1220 1064 1362 1111 donum

375 1143 512 1189 Fatalis
532 1142 649 1206 virgae
662 1180 674 1197 ,
692 1143 813 1205 longo
835 1140 917 1205 post
935 1155 1107 1203 ternpore
1132 1139 1247 1185 visum
1264 1177 1276 1195 ‚

376 1218 588 1272 Caeruleam
607 1216 766 1263 advertit
785 1215 938 1280 puppim
957 1251 969 1269 ‚
987 1214 1154 1279 ripaeque
1174 1213 1413 1278 propinquat,

374 1292 469 1340 lude
488 1292 578 1338 alias
593 1291 728 1337 animas
745 1328 757 1346 ,
777 1309 860 1353 quae
881 1308 948 1354 per
967 1290 1054 1352 juga
1082 1288 1200 1352 longa
1222 1287 1426 1342 sedebant,

374 1364 561 1411 Deturbat
579 1400 591 1418 ‚
616 1364 788 1427 laxatque
807 1362 936 1409 foros:
959 1361 1063 1407 simul
1084 1360 1220 1425 accipit
1236 1361 1348 1407 alveo

374 1439 571 1501 Ingentem
593 1440 746 1482 AEnean.
770 1434 924 1486 Gemuit
943 1434 1007 1479 sub
1029 1434 1200 1497 pondere
1221 1433 1354 1496 cymba

375 1509 503 1558 Sutilis
523 1545 535 1562 ,
560 1508 599 1555 &
616 1508 767 1554 multam
786 1506 931 1569 accepit
950 1505 1083 1551 rimosa
1108 1505 1292 1569 paludem.

376 1581 546 1627 Tandem
565 1596 661 1626 trans
680 1579 833 1625 fluvium
850 1576 1049 1624 incolumis
1067 1592 1264 1640 vatemque
1284 1577 1477 1641 virumque

374 1653 530 1703 Informi
548 1653 640 1699 limo
664 1652 868 1716 glaucaque
887 1650 1044 1713 exponit
1063 1649 1101 1694 in
1124 1650 1220 1694 ulva.

441 1728 629 1774 Cerberus
647 1725 726 1771 haec
746 1726 878 1788 ingens
902 1725 1032 1769 latratu
1052 1741 1165 1787 regna
1182 1722 1327 1769 trifauci

373 1802 579 1857 Personat,
594 1801 753 1847 adverso
772 1800 950 1846 recubans
971 1799 1134 1846 immanis
1151 1799 1188 1844 in
1208 1814 1328 1846 antro.

374 1875 449 1921 Cui
474 1891 575 1923 vates
589 1913 601 1931 ‚
621 1875 775 1921 horrere
796 1874 925 1920 videns
951 1875 1022 1936 jam
1042 1873 1140 1919 colla
1161 1873 1323 1919 colubris
1339 1908 1354 1926 .,

372 1949 495 2002 Melle
524 1949 734 2011 soporatam
756 1946 795 1993 Sc
816 1946 1005 1992 medicatis
1025 1946 1193 2010 frugibus
1210 1945 1325 1991 offam

371 2022 529 2084 Objicit.
561 2022 630 2068 Ille
648 2021 746 2070 fame
768 2020 892 2066 rabida
915 2020 982 2065 tria
1004 2035 1150 2082 guttura
1169 2018 1332 2083 pandens

374 2094 546 2159 Corripit
567 2094 750 2156 objeftam
766 2130 778 2148 ‚
795 2108 906 2155 atque
926 2090 1096 2136 immania
1119 2106 1222 2154 terga
1239 2089 1394 2136 resolvit

372 2168 486 2214 Fusus
504 2168 630 2220 humi,
647 2182 810 2229 totoque
828 2166 962 2229 ingens
987 2165 1196 2211 extenditur
1214 2181 1333 2209 antro„

373 2244 543 2303 Occupat
565 2244 701 2290 AEneas
723 2240 862 2285 aditum
886 2238 1037 2284 custode
1059 2238 1205 2302 sepulto
1222 2273 1234 2291 ‚

373 2315 578 2377 ,Evaditque
599 2315 699 2360 celer
721 2314 838 2378 ripam
866 2313 1105 2359 irremeabilis
1128 2313 1249 2358 undae.

442 2387 640 2434 Continuo
659 2388 793 2432 auditae
809 2405 923 2432 voces
943 2422 955 2439 ‚
981 2386 1124 2449 vagitus
1144 2385 1183 2431 Bc
1203 2384 1360 2448 ingens,

372 2459 627 2524 Infantumque
647 2459 777 2511 animae
797 2458 931 2511 flentes
949 2458 987 2506 in
1007 2457 1135 2505 limine
1153 2456 1274 2527 primo,
1288 2479 1300 2510 ε,

1528 479 1530 484 ⁴
1566 505 1661 549 '400

1571 869 1659 914 405

1573 1232 1666 1273 410

1572 1595 1660 1638 415

1570 1967 1663 2004 420

1567 2332 1652 2375 425
