1715 3028
311 183 373 245 ψ
644 179 696 232 R
770 182 1271 235 VIRGJLJI

354 328 1090 382 PHARMACEUTRIA.
1125 335 1375 385 ECLOGA
1409 337 1577 385 V111.ff

624 473 1273 556 ARGUMEIJTUMr

301 609 474 651 Duorum
484 610 670 665 pastorum
683 612 842 651 carmina
851 642 864 659 ‚
879 611 1032 651 alterum
1043 626 1088 651 ex
1103 610 1293 653 Theocrit.
1307 611 1590 667 Idy11.111,*alte-

354 688 436 712 rum
448 688 492 713 ex
508 673 616 727 Idyll.
633 672 669 713 II
684 672 846 727 expressa
858 674 1064 713 recitantur.
1081 673 1123 713 In
1139 673 1324 713 Damonis
1337 675 1499 715 carmine
1511 689 1590 731 gra-

354 736 414 775 vis
422 735 525 775 dolor
535 735 775 790 &aegritudo
793 734 943 788 alicujus
957 734 1189 788 pastoris‚.cui
1200 736 1305 783 Nisa,
1320 749 1442 776 amata
1456 739 1588 791 puella,

353 798 530 852 Mopsum
549 799 701 838 rivalem
717 797 937 851 praetulisset
948 828 962 845 ,
986 800 1131 853 egregie
1147 800 1364 852 exponitur3
1389 801 1426 838 in
1440 801 1589 854 Alphe-

352 859 466 903 siboei
496 861 654 898 carmine
676 859 803 899 mulier
824 858 1000 912 Daphnin
1017 890 1029 909 ,
1052 871 1235 906 amantem
1258 859 1388 907 suum,
1410 875 1432 900 a
1453 875 1528 915 quo
1551 863 1587 902 se

352 924 531 963 desertam
554 922 624 962 esse
650 933 751 976 putat
767 952 780 969 ,
805 923 1108 962 incantationibus
1131 923 1282 976 magicis
1303 922 1350 961 ad
1371 922 1406 962 se
1424 936 1588 964 revocat.

352 986 559 1040 Descriptio
572 986 643 1024 loci
658 998 701 1023 ac
718 985 894 1038 temporis
911 1000 950 1023 v.
968 998 1014 1034 14
1036 984 1113 1037 sqq.
1130 985 1170 1024 ὃ(
1185 986 1220 1022 in
1240 984 1354 1024 altero
1370 987 1532 1026 carmine
1550 1003 1586 1026 v.

352 1047 404 1096 64
424 1046 475 1100 sq.
505 1046 555 1086 est
585 1044 853 1100 jucundiffima.
882 1044 1053 1098 Dignum
1079 1046 1203 1084 tamen
1225 1043 1299 1093 est,
1323 1047 1529 1099 quodcum
1543 1057 1606 1089 ea‘

351 1119 582 1162 comparetur
594 1139 605 1157 ‚
620 1107 739 1161 Idyllii
756 1109 846 1146 inter
860 1105 1012 1146 Gesneri
1026 1137 1037 1154 ‚
1059 1105 1255 1145 suaviffimi
1271 1111 1401 1159 poetae
1413 1141 1427 1156 ‚
1453 1112 1586 1150 carmi-

351 1186 400 1211 na
412 1202 424 1220 ‚
441 1170 634 1223 Myrtillus
654 1171 695 1209 ὃ(
715 1170 858 1220 Thyrfis
871 1168 1031 1220 inscripti
1044 1198 1055 1215 ‚
1070 1169 1227 1206 initium.
1251 1168 1323 1207 Sed
1338 1168 1587 1224 Virgilianuin

353 1247 499 1273 carmen
519 1234 556 1270 in
582 1247 628 1271 eo
650 1231 742 1269 forte
767 1243 897 1283 parum
919 1229 1179 1282 probandum,
1200 1229 1304 1282 quod
1328 1230 1476 1271 divertis
1497 1235 1588 1274 locis

351 1298 442 1337 haec
463 1299 501 1335 in
517 1311 592 1335 uno
612 1294 819 1349 eodemque
838 1295 1000 1333 carmine
1018 1302 1196 1346 aguntur3
1218 1293 1391 1345 quodque
1413 1295 1588 1350 Alphesi-

352 1361 468 1400 boens
487 1373 527 1398 v.
545 1358 595 1397 62
609 1357 807 1410 respondere
822 1354 951 1393 dicitur
964 1384 976 1403 ,
992 1368 1076 1393 cum
1091 1353 1247 1393 Damon
1265 1368 1497 1408 nequaquam
1515 1361 1588 1399 ani-

351 1427 404 1466 mi
424 1424 528 1463 causa
542 1421 694 1469 lusiffet‚
715 1420 777 1460 sed
791 1419 919 1458 dolore
935 1418 1051 1457 vietus
1064 1449 1077 1465 ,
1099 1420 1135 1456 in
1147 1415 1226 1471 ipso
1245 1418 1315 1458 diei
1332 1431 1414 1459 ortu
1431 1435 1473 1460 ac
1492 1421 1585 1463 solus

351 1488 505 1543 querelis
525 1487 570 1526 de
585 1487 723 1525 amicae
737 1482 889 1537 perfidia
908 1480 1112 1521 indulsisset.
1127 1480 1229 1520 Nam
1243 1481 1317 1535 ipsa
1330 1484 1585 1537 incantationis

352 1551 517 1605 magicae
539 1546 726 1600 descriptio
739 1558 813 1583 non
832 1543 1033 1582 abhorrens
1047 1542 1178 1581 abhoc
1193 1544 1357 1596 poetices
1371 1557 1502 1598 genere
1520 1554 1585 1586 ar-

353 1622 568 1666 gumentum
580 1607 698 1648 videri
716 1605 847 1653 debet3
862 1603 957 1643 recie
972 1603 1068 1642 enirn
1082 1603 1124 1642 ὃς
1139 1616 1183 1642 ex
1195 1613 1322 1642 natura
1336 1603 1458 1644 nostra
1467 1637 1481 1653 ‚
1497 1621 1583 1647 cum

352 1687 523 1728 agrorum
537 1671 578 1711 ὅ(
591 1668 764 1708 silvarum
781 1665 968 1706 solitudine
987 1665 1077 1704 mire
1097 1663 1192 1704 affici
1216 1666 1328 1710 animi
1347 1665 1515 1708 nostri&
1534 1670 1583 1709 ad

348 1737 566 1789 religionem
591 1729 765 1783 componi
790 1726 948 1775 soleant,
973 1724 1172 1778 pastoribus
1186 1726 1384 1778 proclivius
1406 1729 1518 1780 paulo
1541 1733 1584 1771 ὃς

350 1801 501 1854 pronius
513 1798 549 1835 in
563 1793 828 1849 superstitiones
843 1791 884 1831 &
896 1791 1057 1843 magicas
1075 1790 1230 1828 rationes
1247 1790 1435 1842 ingeniuin
1450 1792 1583 1832 tribui·

352 1874 420 1902 tur.
434 1859 606 1912 Inscripta
622 1870 737 1903 vero,
759 1852 860 1907 quod
880 1852 1015 1905 primus
1037 1849 1195 1903 Scaliger
1213 1850 1260 1888 ad
1281 1849 1413 1891 Euseb.
1434 1851 1578 1901 Chron.
1633 1864 1636 1866 '

355 1937 457 1964 2020
472 1920 595 1961 docuit
608 1951 620 1969 ‚
640 1917 691 1958 est
707 1917 844 1970 Ecloga
862 1913 989 1955 Afinio
1008 1913 1162 1953 Pollioni
1173 1926 1215 1953 v.
1230 1913 1355 1967 6--13.
1370 1916 1526 1969 quitum
1543 1919 1580 1958 in

351 1988 541 2042 Illyricum
567 1983 770 2022 exercitum
799 1978 978 2025 ducebat,
1002 1978 1044 2018 &
1074 1976 1148 2030 jam
1173 1975 1250 2016 five
1272 1977 1428 2029 pedestri
1451 1980 1581 2023 itinere

350 2047 492 2087 Isti-iam
519 2041 685 2083 emensus
705 2052 805 2087 erat,
826 2039 904 2078 five
926 2041 1041 2077 maris
1060 2036 1198 2090 Illyrici
1220 2051 1326 2076 oram
1347 2038 1515 2092 legebat,
1541 2055 1580 2081 ut

350 2111 398 2149 ad
414 2108 609 2149 Parthinos
624 2105 835 2158 perveniret
846 2132 860 2150 ,
879 2103 943 2155 qui
957 2100 1081 2141 versus
1095 2099 1368 2140 Macedonicos
1386 2100 1480 2141 fines
1494 2117 1577 2144 vnon

350 2172 462 2224 longe
482 2183 503 2207 a
520 2166 765 2222 Dyrrhachio
785 2163 886 2204 sedes
899 2162 1070 2203 habuere.
1082 2177 1121 2202 v.
1136 2161 1300 2215 Appian.
1314 2176 1350 2216 p.
1371 2176 1386 2202 1
1398 2177 1468 2219 135
1484 2177 1577 2209 extr,

350 2234 432 2276 Dio
451 2247 498 2282 41
511 2264 525 2279 ‚
544 2246 575 2270 e.
594 2245 657 2285 49.
676 2230 802 2282 ibique
818 2228 982 2268 Reimar.
1005 2228 1094 2266 item
1120 2225 1227 2280 Pigh.
1248 2226 1386 2286 Ahnnal.
1407 2228 1454 2268 ad
1479 2244 1573 2282 7¹4·

351 2294 415 2335 Ad
436 2305 601 2333 extrema
622 2293 722 2331 enim
739 2290 846 2344 hujus
868 2290 973 2336 anni,
996 2302 1070 2343 quo
1091 2287 1212 2328 Pollio
1240 2287 1466 2328 consulatum
1491 2291 1574 2344 ges-

351 2356 439 2395 serat
453 2387 465 2402 ,
486 2354 678 2394 referenda
701 2353 770 2392 effe
797 2367 854 2392 res
874 2351 1044 2399 videtur,
1071 2363 1158 2389 nam
1178 2349 1340 2402 sequenti
1364 2364 1463 2390 anno
1480 2351 1575 2392 VIII

350 2418 433 2457 Kal.
452 2416 557 2456 Nov.
573 2414 802 2468 triumphum
817 2413 863 2453 de
880 2412 1060 2453 Parthinis
1075 2411 1213 2450 habuit.
1242 2410 1396 2451 Catroei
1418 2414 1575 2466 argutias

351 2472 589 2531 veteremque
613 2477 855 2530 opinionem,
873 2488 945 2529 qua
969 2473 1017 2514 ad
1044 2472 1298 2514 Ofiavianum
1325 2472 1473 2516 carmen
1500 2475 1573 2516 hoc
