1715 3028
252 169 762 217 GEORGICON
802 168 961 214 LIB.
1004 169 1107 216 IV.
1240 184 1330 216 '121

45 275 173 324 Tristis
188 275 236 322 ad
254 274 409 322 extremi
428 275 567 321 sacrum
586 288 696 337 caput
718 273 853 320 adstitit
872 273 986 319 amnis
1004 309 1017 328 ‚

45 353 169 398 Multa
186 369 345 415 querens
361 387 373 405 ‚
398 366 509 416 atque
529 339 595 396 hac
616 348 757 394 adfatus
774 367 872 395 voce
893 363 1085 413 parentem
1104 368 1114 392 t
1241 364 1333 405 320

45 428 170 472 Mater
188 428 367 490 Cyrene
385 440 534 478 mater,
554 443 637 488 quae
656 422 945 487 gurgitis'hu'us
1164 420 1167 428 ‘

45 503 118 546 Ima
137 516 266 555 tenes,
288 499 378 563 quid
397 519 456 546 me
474 499 651 563 praeclara
669 497 780 561 stirpe
798 499 1001 550 Deorum,

46 571 110 630 (Si
129 572 275 625 modo
295 589 405 634 quem
423 570 621 634 perhibes,
641 585 746 634 pater
762 569 812 615 est
831 569 1075 633 Thymbraeus
1094 568 1270 654 Apollo)

45 643 204 689 Invisum
222 644 301 690 fatis
323 643 509 707 genuisti
500 650 514 678 Ρ
538 658 598 689 aut
618 661 694 706 quo
714 642 781 688 tibi
802 641 914 690 nostri

45 716 172 762 Pulsus
190 735 322 763 amor
313 723 327 751 >
348 716 437 779 quid
454 735 514 762 me
531 716 672 762 coelum
691 717 837 780 sperare
856 716 1010 779 jubebas
1028 723 1043 762 ?
1245 733 1298 773 32
1312 730 1339 778 ς]

47 793 103 836 En
122 790 230 836 etiam
248 789 344 836 hunc
364 790 482 854 ipsum
500 790 588 837 vitae
607 789 773 836 mortalis
793 789 978 836 honorem
992 825 1004 843 ‚

46 865 173 924 Quem
190 861 280 908 mihi
299 862 360 908 vix
379 862 525 927 frugum
544 863 585 910 &
602 863 788 927 pecudum
807 861 972 909 custodia
993 861 1125 908 sollers

48 934 186 981 Omnia
205 934 364 981 tentanti
382 936 602 989 extuderat‚
629 950 666 981 te
684 950 829 989 matre,
848 935 1038 997 relinquo.

48 1009 153 1070 Quin
170 1026 263 1072 age,
286 1007 326 1054 ὃς
344 1007 421 1071 ipsa
440 1027 547 1055 manu
567 1008 684 1054 felicis
706 1027 795 1055 erue
814 1008 946 1063 filvas3

48 1083 119 1126 Fer
137 1079 308 1126 stabulis
301 1079 492 1126 inimicum
509 1080 659 1163 ignem
671 1097 782 1144 atque
801 1080 970 1128 interfice
989 1068 1131 1126 meliis.
1250 1099 1339 1139 330

33 1157 129 1205 ,Ure
152 1154 250 1207 sata,
269 1153 309 1199 δε
326 1154 516 1200 validam
508 1174 545 1200 1n
566 1154 651 1200 vitis
671 1156 804 1201 molire
824 1144 1052 1219 bipennem;

54 1229 173 1272 Tanta
192 1244 286 1272 meae
305 1225 331 1271 fi
353 1242 389 1273 te
414 1242 595 1290 ceperunt
614 1227 720 1273 taedia
743 1228 872 1273 laudis.

53 1304 102 1346 At
119 1317 235 1348 mater
255 1301 414 1348 sonitum
432 1300 593 1347 thalamo
619 1301 684 1347 sub
704 1301 865 1347 fluminis
885 1302 950 1348 alti

52 1372 176 1420 Senfit.
207 1376 296 1419 Eam
317 1373 454 1418 circum
472 1373 620 1419 Milefia
639 1374 780 1419 vellera
800 1374 987 1439 Nymphae

52 1447 267 1510 Carpebant
282 1482 294 1500 ‚
308 1440 564 1509 ¹hyalisaturo
585 1446 704 1492 fucata
728 1448 862 1493 colore
880 1469 889 1492 ι
1249 1466 1335 1509 335-

50 1520 273 1581 Drymoque
291 1553 303 1571 .,
326 1516 556 1580 Xanthoque
574 1553 586 1571 ‚
610 1517 797 1581 Ligeaque
812 1554 823 1572 ,
838 1518 1136 1583 Phyllidoceque
1152 1554 1165 1575 ,

53 1592 252 1639 Caesariem
271 1585 396 1639 effusae
417 1591 569 1637 nitidam
597 1610 665 1656 per
685 1591 841 1637 candida
864 1591 963 1638 colla
982 1613 991 1637 ε

53 1665 186 1711 Nesaee
199 1700 211 1718 .,
232 1664 420 1728 Spioque,
436 1663 645 1727 Thaliaque
659 1699 671 1717 ‚
693 1664 997 1727 Cymodoceque
1012 1700 1024 1718 ‚

53 1736 307 1800 Cydippeque
321 1771 334 1789 ·›
352 1735 392 1782 81
409 1735 504 1781 flava
521 1734 696 1799 Lycorias
712 1756 722 1789 3
742 1736 855 1781 altera
871 1735 982 1800 virgo
1001 1771 1014 1790 .,

55 1810 183 1855 Altera
202 1827 279 1854 tum
298 1808 440 1872 primos
461 1809 608 1854 Lucinae
629 1825 780 1873 experta
802 1810 950 1856 labores
969 1831 981 1864 ;
1253 1823 1344 1867 340·

57 1881 225 1945 Clioque
245 1880 285 1927 ἃ
303 1884 424 1926 Beroe
445 1879 553 1926 soror
567 1915 579 1934 ‚
600 1881 841 1928 Oceanitides
863 1883 980 1928 ambae
998 1918 1011 1937 ‚

57 1954 188 2000 Ambae
207 1972 297 1999 auro
313 1988 326 2006 ‚
345 1951 451 2017 pletis
471 1951 639 1998 incin&ae
662 1952 823 2016 pellibus
849 1954 992 2007 ambae;

57 2031 182 2090 Atque
203 2026 354 2090 Ephyre
371 2061 384 2079 .,
407 2040 518 2089 atque
539 2024 634 2090 Opis
649 2061 661 2079 ,
681 2025 721 2072 81
739 2025 821 2072 Afia
843 2029 1015 2091 Deiopea
1033 2047 1046 2080 ;

58 2102 106 2146 Et
124 2100 271 2146 tandem
289 2098 416 2163 positis
442 2099 557 2145 velox
577 2098 759 2145 Arethusa
778 2099 927 2164 sagittis.

58 2179 159 2221 Inter
178 2193 265 2237 quas
284 2183 406 2221 curam
427 2176 612 2239 Clymene
634 2177 799 2222 narrabat
816 2175 965 2223 inanem
1253 2192 1343 2239 3451,

59 2247 250 2301 Volcani,
266 2248 473 2312 Martisque
491 2249 603 2295 dolos
618 2284 631 2303 .,
660 2249 700 2295 &
719 2248 840 2295 dulcia
856 2249 973 2303 furta3

23 2326 28 2330 ⁴
60 2326 185 2384 Atque
206 2320 314 2367 Chao
332 2321 468 2368 densos
488 2321 614 2367 divum
633 2322 844 2368 numerabat
866 2311 1026 2379 amore50'

64 2390 240 2437 Carmine
259 2409 336 2454 quo
358 2407 474 2456 captae
492 2427 505 2446 ,
524 2393 609 2438 dum
628 2391 711 2439 fufis
728 2391 857 2438 mollia
875 2391 988 2455 pensa

64 2465 284 2514 Devolvunt
295 2502 308 2522 ‚
331 2466 463 2515 iterum
482 2482 662 2516 maternas
680 2466 826 2532 impulit
842 2466 937 2514 auris
