<?xml version="1.0" encoding="UTF-8"?>
<!DOCTYPE html PUBLIC "-//W3C//DTD XHTML 1.0 Transitional//EN"
    "http://www.w3.org/TR/xhtml1/DTD/xhtml1-transitional.dtd">
<html xmlns="http://www.w3.org/1999/xhtml" xml:lang="en" lang="en">
 <head>
  <title>
</title>
<meta http-equiv="Content-Type" content="text/html;charset=utf-8" />
  <meta name='ocr-system' content='tesseract 3.04.00' />
  <meta name='ocr-capabilities' content='ocr_page ocr_carea ocr_par ocr_line ocrx_word'/>
</head>
<body>
  <div class='ocr_page' id='page_1' title='image "./pvirgiliimaronis001virg_0324.png"; bbox 0 0 1715 3028; ppageno 0'>
   <div class='ocr_carea' id='block_1_1' title="bbox 392 78 403 101">
    <p class='ocr_par' dir='ltr' id='par_1_1' title="bbox 392 78 403 101">
     <span class='ocr_line' id='line_1_1' title="bbox 392 78 403 101; baseline 0 0"><span class='ocrx_word' id='word_1_1' title='bbox 392 78 403 101; x_wconf 85' lang='grc' dir='ltr'><em>Ι</em></span> 
     </span>
    </p>
   </div>
   <div class='ocr_carea' id='block_1_2' title="bbox 394 122 1396 198">
    <p class='ocr_par' dir='ltr' id='par_1_2' title="bbox 394 122 1396 198">
     <span class='ocr_line' id='line_1_2' title="bbox 394 122 1396 198; baseline 0.005 -15"><span class='ocrx_word' id='word_1_2' title='bbox 394 135 487 198; x_wconf 79' lang='lat'>318</span> <span class='ocrx_word' id='word_1_3' title='bbox 715 137 770 183; x_wconf 81' lang='lat' dir='ltr'>P.</span> <span class='ocrx_word' id='word_1_4' title='bbox 843 122 1396 195; x_wconf 74' lang='lat' dir='ltr'><em>VIRGJLIJ&#39;</em></span> 
     </span>
    </p>
   </div>
   <div class='ocr_carea' id='block_1_3' title="bbox 370 240 1500 2503">
    <p class='ocr_par' dir='ltr' id='par_1_3' title="bbox 389 240 1386 306">
     <span class='ocr_line' id='line_1_3' title="bbox 389 240 1386 306; baseline 0.007 -19"><span class='ocrx_word' id='word_1_5' title='bbox 389 243 435 287; x_wconf 85' lang='lat' dir='ltr'>Et</span> <span class='ocrx_word' id='word_1_6' title='bbox 454 241 606 306; x_wconf 79' lang='lat' dir='ltr'>primam</span> <span class='ocrx_word' id='word_1_7' title='bbox 628 257 711 288; x_wconf 83' lang='lat' dir='ltr'>ante</span> <span class='ocrx_word' id='word_1_8' title='bbox 727 240 845 288; x_wconf 82' lang='lat' dir='ltr'>aciem</span> <span class='ocrx_word' id='word_1_9' title='bbox 863 242 976 289; x_wconf 89' lang='lat' dir='ltr'>densa</span> <span class='ocrx_word' id='word_1_10' title='bbox 995 242 1090 290; x_wconf 86' lang='lat' dir='ltr'>inter</span> <span class='ocrx_word' id='word_1_11' title='bbox 1106 244 1180 291; x_wconf 83' lang='lat' dir='ltr'>tela</span> <span class='ocrx_word' id='word_1_12' title='bbox 1195 245 1362 294; x_wconf 88' lang='lat' dir='ltr'>feruntur</span> <span class='ocrx_word' id='word_1_13' title='bbox 1373 282 1386 302; x_wconf 88' lang='lat'><em>‚</em></span> 
     </span>
    </p>

    <p class='ocr_par' dir='ltr' id='par_1_4' title="bbox 386 315 1500 532">
     <span class='ocr_line' id='line_1_4' title="bbox 390 315 1390 379; baseline 0.006 -16"><span class='ocrx_word' id='word_1_14' title='bbox 390 320 473 364; x_wconf 88' lang='lat' dir='ltr'>Ceu</span> <span class='ocrx_word' id='word_1_15' title='bbox 492 318 568 364; x_wconf 93' lang='lat' dir='ltr'>duo</span> <span class='ocrx_word' id='word_1_16' title='bbox 592 315 791 379; x_wconf 73' lang='lat' dir='ltr'>nubigenae</span> <span class='ocrx_word' id='word_1_17' title='bbox 817 334 898 363; x_wconf 88' lang='lat' dir='ltr'>cum</span> <span class='ocrx_word' id='word_1_18' title='bbox 924 317 1067 364; x_wconf 91' lang='lat' dir='ltr'>vertice</span> <span class='ocrx_word' id='word_1_19' title='bbox 1086 318 1225 366; x_wconf 85' lang='lat' dir='ltr'>montis</span> <span class='ocrx_word' id='word_1_20' title='bbox 1248 320 1294 367; x_wconf 76' lang='lat' dir='ltr'>ab</span> <span class='ocrx_word' id='word_1_21' title='bbox 1311 322 1390 369; x_wconf 89' lang='lat' dir='ltr'>alto</span> 
     </span>
     <span class='ocr_line' id='line_1_5' title="bbox 386 380 1500 459; baseline 0.002 -19"><span class='ocrx_word' id='word_1_22' title='bbox 386 392 631 440; x_wconf 84' lang='lat' dir='ltr'><strong>Descendunt</strong></span> <span class='ocrx_word' id='word_1_23' title='bbox 648 389 847 445; x_wconf 74' lang='lat' dir='ltr'>Centauri,</span> <span class='ocrx_word' id='word_1_24' title='bbox 866 391 1060 439; x_wconf 86' lang='lat' dir='ltr'>Homolen</span> <span class='ocrx_word' id='word_1_25' title='bbox 1081 393 1322 459; x_wconf 87' lang='lat' dir='ltr'>Othrquue</span> <span class='ocrx_word' id='word_1_26' title='bbox 1339 380 1500 442; x_wconf 85' lang='lat' dir='ltr'>nivalem</span> 
     </span>
     <span class='ocr_line' id='line_1_6' title="bbox 387 463 1328 532; baseline 0.003 -21"><span class='ocrx_word' id='word_1_27' title='bbox 387 465 612 529; x_wconf 83' lang='lat' dir='ltr'>Linquentes</span> <span class='ocrx_word' id='word_1_28' title='bbox 630 464 736 511; x_wconf 88' lang='lat' dir='ltr'>cursu</span> <span class='ocrx_word' id='word_1_29' title='bbox 754 463 908 529; x_wconf 87' lang='lat' dir='ltr'>rapido:</span> <span class='ocrx_word' id='word_1_30' title='bbox 928 464 988 511; x_wconf 85' lang='lat' dir='ltr'>dat</span> <span class='ocrx_word' id='word_1_31' title='bbox 1009 466 1182 513; x_wconf 85' lang='lat' dir='ltr'>euntibus</span> <span class='ocrx_word' id='word_1_32' title='bbox 1200 467 1328 532; x_wconf 84' lang='lat' dir='ltr'>ingens</span> 
     </span>
    </p>

    <p class='ocr_par' dir='ltr' id='par_1_5' title="bbox 383 538 1387 605">
     <span class='ocr_line' id='line_1_7' title="bbox 383 538 1387 605; baseline 0.003 -20"><span class='ocrx_word' id='word_1_33' title='bbox 383 539 483 586; x_wconf 83' lang='lat' dir='ltr'>Silva</span> <span class='ocrx_word' id='word_1_34' title='bbox 502 539 652 592; x_wconf 74' lang='lat' dir='ltr'>locum,</span> <span class='ocrx_word' id='word_1_35' title='bbox 670 538 710 585; x_wconf 63' lang='grc' dir='ltr'>δε</span> <span class='ocrx_word' id='word_1_36' title='bbox 729 555 867 602; x_wconf 74' lang='lat' dir='ltr'>magno</span> <span class='ocrx_word' id='word_1_37' title='bbox 887 538 1023 585; x_wconf 87' lang='lat' dir='ltr'>cedunt</span> <span class='ocrx_word' id='word_1_38' title='bbox 1042 538 1204 604; x_wconf 79' lang='lat' dir='ltr'>virgulta</span> <span class='ocrx_word' id='word_1_39' title='bbox 1222 540 1387 605; x_wconf 75' lang='lat' dir='ltr'>fragore.</span> 
     </span>
    </p>

    <p class='ocr_par' dir='ltr' id='par_1_6' title="bbox 450 609 1263 670">
     <span class='ocr_line' id='line_1_8' title="bbox 450 609 1263 670; baseline 0.002 -12"><span class='ocrx_word' id='word_1_40' title='bbox 450 614 533 658; x_wconf 94' lang='lat' dir='ltr'>Nec</span> <span class='ocrx_word' id='word_1_41' title='bbox 552 610 784 658; x_wconf 84' lang='lat' dir='ltr'>Praenestinae</span> <span class='ocrx_word' id='word_1_42' title='bbox 803 609 976 662; x_wconf 83' lang='lat' dir='ltr'>fundator</span> <span class='ocrx_word' id='word_1_43' title='bbox 998 611 1116 659; x_wconf 90' lang='lat' dir='ltr'>defuit</span> <span class='ocrx_word' id='word_1_44' title='bbox 1135 612 1234 660; x_wconf 89' lang='lat' dir='ltr'>urbis</span> <span class='ocrx_word' id='word_1_45' title='bbox 1250 651 1263 670; x_wconf 83' lang='lat'>‚</span> 
     </span>
    </p>

    <p class='ocr_par' dir='ltr' id='par_1_7' title="bbox 379 682 1478 1334">
     <span class='ocr_line' id='line_1_9' title="bbox 383 682 1376 751; baseline 0.004 -21"><span class='ocrx_word' id='word_1_46' title='bbox 383 684 561 730; x_wconf 81' lang='lat' dir='ltr'>Volcano</span> <span class='ocrx_word' id='word_1_47' title='bbox 581 683 748 748; x_wconf 80' lang='lat' dir='ltr'>genitum</span> <span class='ocrx_word' id='word_1_48' title='bbox 768 701 906 747; x_wconf 87' lang='lat' dir='ltr'>pecora</span> <span class='ocrx_word' id='word_1_49' title='bbox 926 682 1023 729; x_wconf 87' lang='lat' dir='ltr'>inter</span> <span class='ocrx_word' id='word_1_50' title='bbox 1042 685 1194 749; x_wconf 83' lang='lat' dir='ltr'>agrestia</span> <span class='ocrx_word' id='word_1_51' title='bbox 1213 704 1342 751; x_wconf 83' lang='lat' dir='ltr'>regem</span> <span class='ocrx_word' id='word_1_52' title='bbox 1360 699 1376 744; x_wconf 78' lang='lat'>‚&#39;</span> 
     </span>
     <span class='ocr_line' id='line_1_10' title="bbox 382 756 1371 822; baseline 0.002 -17"><span class='ocrx_word' id='word_1_53' title='bbox 382 762 655 822; x_wconf 81' lang='lat' dir='ltr'>Inventumque</span> <span class='ocrx_word' id='word_1_54' title='bbox 675 757 791 811; x_wconf 76' lang='lat' dir='ltr'>focis,</span> <span class='ocrx_word' id='word_1_55' title='bbox 811 756 929 804; x_wconf 84' lang='lat' dir='ltr'>omnis</span> <span class='ocrx_word' id='word_1_56' title='bbox 947 775 1060 821; x_wconf 87' lang='lat' dir='ltr'>quem</span> <span class='ocrx_word' id='word_1_57' title='bbox 1082 759 1240 806; x_wconf 86' lang='lat' dir='ltr'>credidit</span> <span class='ocrx_word' id='word_1_58' title='bbox 1258 778 1342 807; x_wconf 87' lang='lat' dir='ltr'>aetas</span> <span class='ocrx_word' id='word_1_59' title='bbox 1357 796 1371 815; x_wconf 83' lang='lat'><strong>‚</strong></span> 
     </span>
     <span class='ocr_line' id='line_1_11' title="bbox 383 830 1336 896; baseline -0.001 -19"><span class='ocrx_word' id='word_1_60' title='bbox 383 831 568 877; x_wconf 84' lang='lat' dir='ltr'>Caeculus.</span> <span class='ocrx_word' id='word_1_61' title='bbox 596 834 705 876; x_wconf 91' lang='lat' dir='ltr'>Hunc</span> <span class='ocrx_word' id='word_1_62' title='bbox 727 831 831 894; x_wconf 78' lang='lat' dir='ltr'>legio</span> <span class='ocrx_word' id='word_1_63' title='bbox 850 830 924 876; x_wconf 86' lang='lat' dir='ltr'>late</span> <span class='ocrx_word' id='word_1_64' title='bbox 943 830 1140 877; x_wconf 77' lang='lat' dir='ltr'>comitatur</span> <span class='ocrx_word' id='word_1_65' title='bbox 1156 832 1305 896; x_wconf 84' lang='lat' dir='ltr'>agrestis</span> <span class='ocrx_word' id='word_1_66' title='bbox 1327 852 1336 876; x_wconf 91' lang='lat'><strong>:</strong></span> 
     </span>
     <span class='ocr_line' id='line_1_12' title="bbox 383 903 1430 968; baseline 0.003 -18"><span class='ocrx_word' id='word_1_67' title='bbox 383 904 539 968; x_wconf 83' lang='lat' dir='ltr'>Quique</span> <span class='ocrx_word' id='word_1_68' title='bbox 557 904 670 950; x_wconf 87' lang='lat' dir='ltr'>altum</span> <span class='ocrx_word' id='word_1_69' title='bbox 691 903 873 949; x_wconf 79' lang='lat' dir='ltr'>Praeneste</span> <span class='ocrx_word' id='word_1_70' title='bbox 891 903 984 957; x_wconf 76' lang='lat' dir='ltr'>viri,</span> <span class='ocrx_word' id='word_1_71' title='bbox 1005 903 1144 968; x_wconf 90' lang='lat' dir='ltr'>quique</span> <span class='ocrx_word' id='word_1_72' title='bbox 1173 924 1257 951; x_wconf 88' lang='lat' dir='ltr'>arva</span> <span class='ocrx_word' id='word_1_73' title='bbox 1276 905 1430 954; x_wconf 85' lang='lat' dir='ltr'>Gabinae</span> 
     </span>
     <span class='ocr_line' id='line_1_13' title="bbox 381 975 1386 1041; baseline -0.001 -16"><span class='ocrx_word' id='word_1_74' title='bbox 381 977 538 1025; x_wconf 72' lang='lat' dir='ltr'>lunonis</span> <span class='ocrx_word' id='word_1_75' title='bbox 551 1013 562 1031; x_wconf 83' lang='lat'>‚</span> <span class='ocrx_word' id='word_1_76' title='bbox 583 976 824 1041; x_wconf 79' lang='lat' dir='ltr'>gelidumque</span> <span class='ocrx_word' id='word_1_77' title='bbox 845 975 1031 1022; x_wconf 77' lang='lat' dir='ltr'>Anienem</span> <span class='ocrx_word' id='word_1_78' title='bbox 1046 1012 1058 1030; x_wconf 87' lang='lat'><strong>‚</strong></span> <span class='ocrx_word' id='word_1_79' title='bbox 1077 977 1117 1023; x_wconf 68' lang='lat' dir='ltr'>Sc</span> <span class='ocrx_word' id='word_1_80' title='bbox 1136 977 1280 1024; x_wconf 84' lang='lat' dir='ltr'>roscida</span> <span class='ocrx_word' id='word_1_81' title='bbox 1299 977 1386 1026; x_wconf 83' lang='lat' dir='ltr'>rivis</span> 
     </span>
     <span class='ocr_line' id='line_1_14' title="bbox 380 1044 1478 1114; baseline 0.001 -18"><span class='ocrx_word' id='word_1_82' title='bbox 380 1049 540 1096; x_wconf 86' lang='lat' dir='ltr'>Hernica</span> <span class='ocrx_word' id='word_1_83' title='bbox 557 1049 637 1095; x_wconf 82' lang='lat' dir='ltr'>saxa</span> <span class='ocrx_word' id='word_1_84' title='bbox 657 1050 814 1102; x_wconf 80' lang='lat' dir='ltr'>colunt3</span> <span class='ocrx_word' id='word_1_85' title='bbox 833 1066 929 1111; x_wconf 85' lang='lat' dir='ltr'>quos</span> <span class='ocrx_word' id='word_1_86' title='bbox 944 1083 957 1102; x_wconf 83' lang='lat'>.‚</span> <span class='ocrx_word' id='word_1_87' title='bbox 977 1048 1080 1094; x_wconf 89' lang='lat' dir='ltr'>dives</span> <span class='ocrx_word' id='word_1_88' title='bbox 1098 1048 1269 1113; x_wconf 77' lang='lat' dir='ltr'>Anagnia</span> <span class='ocrx_word' id='word_1_89' title='bbox 1283 1085 1296 1104; x_wconf 86' lang='lat'>.,</span> <span class='ocrx_word' id='word_1_90' title='bbox 1315 1050 1450 1114; x_wconf 73' lang='lat' dir='ltr'>pascis‚&#39;</span> <span class='ocrx_word' id='word_1_91' title='bbox 1471 1044 1478 1053; x_wconf 48' lang='lat'><strong>⁸</strong></span> 
     </span>
     <span class='ocr_line' id='line_1_15' title="bbox 380 1120 1391 1185; baseline -0.001 -16"><span class='ocrx_word' id='word_1_92' title='bbox 380 1126 493 1184; x_wconf 77' lang='lat' dir='ltr'>Quos</span> <span class='ocrx_word' id='word_1_93' title='bbox 510 1161 522 1177; x_wconf 83' lang='lat'>.,</span> <span class='ocrx_word' id='word_1_94' title='bbox 540 1122 718 1169; x_wconf 83' lang='lat' dir='ltr'>Amasene</span> <span class='ocrx_word' id='word_1_95' title='bbox 736 1137 851 1185; x_wconf 90' lang='lat' dir='ltr'>pater.</span> <span class='ocrx_word' id='word_1_96' title='bbox 871 1123 961 1167; x_wconf 92' lang='lat' dir='ltr'>Non</span> <span class='ocrx_word' id='word_1_97' title='bbox 982 1120 1055 1167; x_wconf 87' lang='lat' dir='ltr'>illis</span> <span class='ocrx_word' id='word_1_98' title='bbox 1074 1121 1246 1168; x_wconf 82' lang='lat' dir='ltr'>omnibus</span> <span class='ocrx_word' id='word_1_99' title='bbox 1266 1141 1362 1169; x_wconf 88' lang='lat' dir='ltr'>arma</span> <span class='ocrx_word' id='word_1_100' title='bbox 1379 1159 1391 1178; x_wconf 82' lang='lat'><strong>,</strong></span> 
     </span>
     <span class='ocr_line' id='line_1_16' title="bbox 380 1196 1400 1262; baseline 0 -18"><span class='ocrx_word' id='word_1_101' title='bbox 380 1199 463 1244; x_wconf 90' lang='lat' dir='ltr'>Nec</span> <span class='ocrx_word' id='word_1_102' title='bbox 483 1197 594 1261; x_wconf 81' lang='lat' dir='ltr'>clipei</span> <span class='ocrx_word' id='word_1_103' title='bbox 614 1196 788 1243; x_wconf 88' lang='lat' dir='ltr'>currusve</span> <span class='ocrx_word' id='word_1_104' title='bbox 806 1196 949 1243; x_wconf 89' lang='lat' dir='ltr'>sonant.</span> <span class='ocrx_word' id='word_1_105' title='bbox 970 1200 1054 1242; x_wconf 88' lang='lat' dir='ltr'>Pars</span> <span class='ocrx_word' id='word_1_106' title='bbox 1073 1196 1228 1243; x_wconf 87' lang='lat' dir='ltr'>maxima</span> <span class='ocrx_word' id='word_1_107' title='bbox 1249 1197 1400 1262; x_wconf 82' lang='lat' dir='ltr'>glandes</span> 
     </span>
     <span class='ocr_line' id='line_1_17' title="bbox 379 1268 1281 1334; baseline 0 -18"><span class='ocrx_word' id='word_1_108' title='bbox 379 1270 541 1316; x_wconf 78' lang='lat' dir='ltr'>Liventis</span> <span class='ocrx_word' id='word_1_109' title='bbox 562 1268 705 1334; x_wconf 77' lang='lat' dir='ltr'>plumbi</span> <span class='ocrx_word' id='word_1_110' title='bbox 723 1268 860 1333; x_wconf 76' lang='lat' dir='ltr'>spargit</span> <span class='ocrx_word' id='word_1_111' title='bbox 878 1291 887 1314; x_wconf 86' lang='lat'>:</span> <span class='ocrx_word' id='word_1_112' title='bbox 909 1287 990 1333; x_wconf 85' lang='lat' dir='ltr'>pars</span> <span class='ocrx_word' id='word_1_113' title='bbox 1009 1268 1147 1333; x_wconf 83' lang='lat' dir='ltr'>spicula</span> <span class='ocrx_word' id='word_1_114' title='bbox 1166 1269 1281 1334; x_wconf 80' lang='lat' dir='ltr'>gestat</span> 
     </span>
    </p>

    <p class='ocr_par' dir='ltr' id='par_1_8' title="bbox 376 1345 1298 1555">
     <span class='ocr_line' id='line_1_18' title="bbox 378 1345 1298 1411; baseline 0 -18"><span class='ocrx_word' id='word_1_115' title='bbox 378 1347 468 1393; x_wconf 87' lang='lat' dir='ltr'>Bina</span> <span class='ocrx_word' id='word_1_116' title='bbox 488 1365 596 1393; x_wconf 89' lang='lat' dir='ltr'>manu</span> <span class='ocrx_word' id='word_1_117' title='bbox 609 1382 621 1400; x_wconf 83' lang='lat'><strong>‚</strong></span> <span class='ocrx_word' id='word_1_118' title='bbox 643 1346 845 1411; x_wconf 81' lang='lat' dir='ltr'>fulvosque</span> <span class='ocrx_word' id='word_1_119' title='bbox 863 1345 943 1409; x_wconf 88' lang='lat' dir='ltr'>lupi</span> <span class='ocrx_word' id='word_1_120' title='bbox 962 1346 1008 1392; x_wconf 92' lang='lat' dir='ltr'>de</span> <span class='ocrx_word' id='word_1_121' title='bbox 1027 1346 1128 1410; x_wconf 91' lang='lat' dir='ltr'>pelle</span> <span class='ocrx_word' id='word_1_122' title='bbox 1149 1347 1298 1410; x_wconf 84' lang='lat' dir='ltr'>galeros</span> 
     </span>
     <span class='ocr_line' id='line_1_19' title="bbox 378 1417 1283 1484; baseline -0.002 -18"><span class='ocrx_word' id='word_1_123' title='bbox 378 1422 548 1484; x_wconf 78' lang='lat' dir='ltr'>Tegmen</span> <span class='ocrx_word' id='word_1_124' title='bbox 567 1419 701 1465; x_wconf 89' lang='lat' dir='ltr'>habent</span> <span class='ocrx_word' id='word_1_125' title='bbox 719 1419 849 1483; x_wconf 89' lang='lat' dir='ltr'>capiti:</span> <span class='ocrx_word' id='word_1_126' title='bbox 869 1417 1023 1482; x_wconf 81' lang='lat' dir='ltr'>vestigia</span> <span class='ocrx_word' id='word_1_127' title='bbox 1044 1418 1138 1465; x_wconf 87' lang='lat' dir='ltr'>nuda</span> <span class='ocrx_word' id='word_1_128' title='bbox 1155 1417 1283 1465; x_wconf 80' lang='lat' dir='ltr'>sinistri</span> 
     </span>
     <span class='ocr_line' id='line_1_20' title="bbox 376 1491 1238 1555; baseline -0.002 -17"><span class='ocrx_word' id='word_1_129' title='bbox 376 1493 568 1539; x_wconf 87' lang='lat' dir='ltr'>Instituere</span> <span class='ocrx_word' id='word_1_130' title='bbox 587 1492 718 1555; x_wconf 84' lang='lat' dir='ltr'>pedis;</span> <span class='ocrx_word' id='word_1_131' title='bbox 738 1492 870 1537; x_wconf 87' lang='lat' dir='ltr'>crudus</span> <span class='ocrx_word' id='word_1_132' title='bbox 888 1491 982 1554; x_wconf 82' lang='lat' dir='ltr'>tegit</span> <span class='ocrx_word' id='word_1_133' title='bbox 997 1491 1110 1536; x_wconf 86' lang='lat' dir='ltr'>altera</span> <span class='ocrx_word' id='word_1_134' title='bbox 1130 1509 1238 1554; x_wconf 89' lang='lat' dir='ltr'>pero.</span> 
     </span>
    </p>

    <p class='ocr_par' dir='ltr' id='par_1_9' title="bbox 374 1562 1471 1919">
     <span class='ocr_line' id='line_1_21' title="bbox 442 1562 1471 1629; baseline -0.002 -18"><span class='ocrx_word' id='word_1_135' title='bbox 442 1574 493 1611; x_wconf 87' lang='lat' dir='ltr'>At</span> <span class='ocrx_word' id='word_1_136' title='bbox 508 1566 697 1629; x_wconf 79' lang='lat' dir='ltr'>Meffapus</span> <span class='ocrx_word' id='word_1_137' title='bbox 710 1600 721 1616; x_wconf 81' lang='lat'>,</span> <span class='ocrx_word' id='word_1_138' title='bbox 740 1569 876 1627; x_wconf 70' lang='lat' dir='ltr'>equum</span> <span class='ocrx_word' id='word_1_139' title='bbox 893 1563 1060 1610; x_wconf 89' lang='lat' dir='ltr'>domitor</span> <span class='ocrx_word' id='word_1_140' title='bbox 1072 1600 1085 1619; x_wconf 84' lang='lat'>‚</span> <span class='ocrx_word' id='word_1_141' title='bbox 1106 1562 1294 1627; x_wconf 86' lang='lat' dir='ltr'>Neptunia</span> <span class='ocrx_word' id='word_1_142' title='bbox 1312 1564 1439 1627; x_wconf 88' lang='lat' dir='ltr'>proles</span> <span class='ocrx_word' id='word_1_143' title='bbox 1457 1599 1471 1619; x_wconf 86' lang='lat'>‚</span> 
     </span>
     <span class='ocr_line' id='line_1_22' title="bbox 374 1635 1424 1701; baseline -0.002 -17"><span class='ocrx_word' id='word_1_144' title='bbox 374 1640 501 1699; x_wconf 81' lang='lat' dir='ltr'>Quem</span> <span class='ocrx_word' id='word_1_145' title='bbox 520 1656 641 1701; x_wconf 86' lang='lat' dir='ltr'>neque</span> <span class='ocrx_word' id='word_1_146' title='bbox 660 1637 710 1683; x_wconf 77' lang='lat' dir='ltr'>fas</span> <span class='ocrx_word' id='word_1_147' title='bbox 734 1637 811 1701; x_wconf 78' lang='lat' dir='ltr'>igni</span> <span class='ocrx_word' id='word_1_148' title='bbox 832 1636 1002 1700; x_wconf 87' lang='lat' dir='ltr'>cuiquam</span> <span class='ocrx_word' id='word_1_149' title='bbox 1027 1654 1096 1682; x_wconf 91' lang='lat' dir='ltr'>nec</span> <span class='ocrx_word' id='word_1_150' title='bbox 1116 1635 1275 1682; x_wconf 87' lang='lat' dir='ltr'>sternere</span> <span class='ocrx_word' id='word_1_151' title='bbox 1293 1635 1395 1682; x_wconf 80' lang='lat' dir='ltr'>ferro</span> <span class='ocrx_word' id='word_1_152' title='bbox 1410 1673 1424 1691; x_wconf 87' lang='lat'><strong>‚</strong></span> 
     </span>
     <span class='ocr_line' id='line_1_23' title="bbox 377 1707 1376 1773; baseline -0.002 -17"><span class='ocrx_word' id='word_1_153' title='bbox 377 1714 451 1757; x_wconf 74' lang='lat' dir='ltr'>&#39;lam</span> <span class='ocrx_word' id='word_1_154' title='bbox 482 1710 626 1773; x_wconf 85' lang='lat' dir='ltr'>pridem</span> <span class='ocrx_word' id='word_1_155' title='bbox 647 1709 780 1755; x_wconf 78' lang='lat' dir='ltr'>resides</span> <span class='ocrx_word' id='word_1_156' title='bbox 809 1709 976 1773; x_wconf 87' lang='lat' dir='ltr'>populos</span> <span class='ocrx_word' id='word_1_157' title='bbox 990 1744 1002 1762; x_wconf 86' lang='lat'>‚</span> <span class='ocrx_word' id='word_1_158' title='bbox 1020 1708 1246 1772; x_wconf 87' lang='lat' dir='ltr'>desuetaque</span> <span class='ocrx_word' id='word_1_159' title='bbox 1271 1707 1376 1754; x_wconf 90' lang='lat' dir='ltr'>bello</span> 
     </span>
     <span class='ocr_line' id='line_1_24' title="bbox 377 1781 1468 1848; baseline -0.002 -17"><span class='ocrx_word' id='word_1_160' title='bbox 377 1784 536 1848; x_wconf 81' lang='lat' dir='ltr'>Agmina</span> <span class='ocrx_word' id='word_1_161' title='bbox 549 1820 562 1838; x_wconf 76' lang='lat'>‚</span> <span class='ocrx_word' id='word_1_162' title='bbox 587 1784 624 1829; x_wconf 92' lang='lat' dir='ltr'>in</span> <span class='ocrx_word' id='word_1_163' title='bbox 646 1802 742 1829; x_wconf 85' lang='lat' dir='ltr'>arma</span> <span class='ocrx_word' id='word_1_164' title='bbox 760 1798 872 1829; x_wconf 90' lang='lat' dir='ltr'>vocat</span> <span class='ocrx_word' id='word_1_165' title='bbox 891 1782 1014 1829; x_wconf 89' lang='lat' dir='ltr'>subito</span> <span class='ocrx_word' id='word_1_166' title='bbox 1028 1818 1041 1837; x_wconf 86' lang='lat'>.,</span> <span class='ocrx_word' id='word_1_167' title='bbox 1060 1781 1271 1846; x_wconf 84' lang='lat' dir='ltr'>ferrumque</span> <span class='ocrx_word' id='word_1_168' title='bbox 1289 1782 1468 1830; x_wconf 73' lang='lat' dir='ltr'>retraElat.</span> 
     </span>
     <span class='ocr_line' id='line_1_25' title="bbox 375 1853 1245 1919; baseline -0.006 -15"><span class='ocrx_word' id='word_1_169' title='bbox 375 1858 423 1904; x_wconf 83' lang='lat' dir='ltr'>Hi</span> <span class='ocrx_word' id='word_1_170' title='bbox 443 1856 688 1903; x_wconf 84' lang='lat' dir='ltr'>Fescenninas</span> <span class='ocrx_word' id='word_1_171' title='bbox 706 1855 802 1902; x_wconf 86' lang='lat' dir='ltr'>acies</span> <span class='ocrx_word' id='word_1_172' title='bbox 821 1854 1041 1919; x_wconf 76' lang='lat' dir='ltr'>AEquosque</span> <span class='ocrx_word' id='word_1_173' title='bbox 1058 1853 1245 1908; x_wconf 85' lang='lat' dir='ltr'>Faliscos,</span> 
     </span>
    </p>

    <p class='ocr_par' dir='ltr' id='par_1_10' title="bbox 375 1928 1276 1991">
     <span class='ocr_line' id='line_1_26' title="bbox 375 1928 1276 1991; baseline -0.003 -16"><span class='ocrx_word' id='word_1_174' title='bbox 375 1930 426 1975; x_wconf 85' lang='lat' dir='ltr'>Hi</span> <span class='ocrx_word' id='word_1_175' title='bbox 447 1930 606 1979; x_wconf 54' lang='lat' dir='ltr'>Sorasstis</span> <span class='ocrx_word' id='word_1_176' title='bbox 624 1930 762 1976; x_wconf 87' lang='lat' dir='ltr'>habent</span> <span class='ocrx_word' id='word_1_177' title='bbox 778 1948 879 1976; x_wconf 86' lang='lat' dir='ltr'>arces</span> <span class='ocrx_word' id='word_1_178' title='bbox 898 1928 1140 1991; x_wconf 86' lang='lat' dir='ltr'>Flaviniaque</span> <span class='ocrx_word' id='word_1_179' title='bbox 1160 1945 1244 1974; x_wconf 86' lang='lat' dir='ltr'>arva</span> <span class='ocrx_word' id='word_1_180' title='bbox 1262 1961 1276 1982; x_wconf 86' lang='lat'>‚</span> 
     </span>
    </p>

    <p class='ocr_par' dir='ltr' id='par_1_11' title="bbox 373 2001 1390 2142">
     <span class='ocr_line' id='line_1_27' title="bbox 374 2001 1390 2064; baseline -0.002 -16"><span class='ocrx_word' id='word_1_181' title='bbox 374 2006 420 2049; x_wconf 88' lang='lat' dir='ltr'>Et</span> <span class='ocrx_word' id='word_1_182' title='bbox 440 2003 578 2051; x_wconf 84' lang='lat' dir='ltr'>Cimini</span> <span class='ocrx_word' id='word_1_183' title='bbox 600 2021 682 2049; x_wconf 87' lang='lat' dir='ltr'>cum</span> <span class='ocrx_word' id='word_1_184' title='bbox 703 2019 832 2050; x_wconf 88' lang='lat' dir='ltr'>monte</span> <span class='ocrx_word' id='word_1_185' title='bbox 851 2003 970 2049; x_wconf 90' lang='lat' dir='ltr'>lacum</span> <span class='ocrx_word' id='word_1_186' title='bbox 990 2001 1171 2064; x_wconf 90' lang='lat' dir='ltr'>lucosque</span> <span class='ocrx_word' id='word_1_187' title='bbox 1201 2002 1390 2064; x_wconf 79' lang='lat' dir='ltr'>Capenos.</span> 
     </span>
     <span class='ocr_line' id='line_1_28' title="bbox 373 2075 1269 2142; baseline -0.006 -18"><span class='ocrx_word' id='word_1_188' title='bbox 373 2078 477 2124; x_wconf 84' lang='lat' dir='ltr'>Ibant</span> <span class='ocrx_word' id='word_1_189' title='bbox 494 2078 630 2142; x_wconf 77' lang='lat' dir='ltr'>aequati</span> <span class='ocrx_word' id='word_1_190' title='bbox 647 2096 801 2124; x_wconf 87' lang='lat' dir='ltr'>numero</span> <span class='ocrx_word' id='word_1_191' title='bbox 819 2112 830 2129; x_wconf 84' lang='lat'>.,</span> <span class='ocrx_word' id='word_1_192' title='bbox 848 2094 1051 2141; x_wconf 77' lang='lat' dir='ltr'>regemque</span> <span class='ocrx_word' id='word_1_193' title='bbox 1069 2075 1269 2121; x_wconf 82' lang='lat' dir='ltr'>canebant:</span> 
     </span>
    </p>

    <p class='ocr_par' dir='ltr' id='par_1_12' title="bbox 373 2144 1354 2290">
     <span class='ocr_line' id='line_1_29' title="bbox 373 2144 1354 2213; baseline -0.007 -17"><span class='ocrx_word' id='word_1_194' title='bbox 373 2153 457 2197; x_wconf 91' lang='lat' dir='ltr'>Ceu</span> <span class='ocrx_word' id='word_1_195' title='bbox 477 2151 668 2213; x_wconf 84' lang='lat' dir='ltr'>quondam</span> <span class='ocrx_word' id='word_1_196' title='bbox 689 2149 789 2195; x_wconf 90' lang='lat' dir='ltr'>nivei</span> <span class='ocrx_word' id='word_1_197' title='bbox 806 2148 946 2212; x_wconf 87' lang='lat' dir='ltr'>liquida</span> <span class='ocrx_word' id='word_1_198' title='bbox 967 2148 1063 2193; x_wconf 87' lang='lat' dir='ltr'>inter</span> <span class='ocrx_word' id='word_1_199' title='bbox 1079 2146 1203 2192; x_wconf 90' lang='lat' dir='ltr'>nubila</span> <span class='ocrx_word' id='word_1_200' title='bbox 1221 2144 1354 2209; x_wconf 53' lang='lat' dir='ltr'>cycni,</span> 
     </span>
     <span class='ocr_line' id='line_1_30' title="bbox 375 2221 1317 2290; baseline -0.006 -21"><span class='ocrx_word' id='word_1_201' title='bbox 375 2226 471 2269; x_wconf 88' lang='lat' dir='ltr'>Cum</span> <span class='ocrx_word' id='word_1_202' title='bbox 493 2223 570 2270; x_wconf 88' lang='lat' dir='ltr'>sese</span> <span class='ocrx_word' id='word_1_203' title='bbox 593 2243 615 2271; x_wconf 92' lang='lat' dir='ltr'>e</span> <span class='ocrx_word' id='word_1_204' title='bbox 632 2223 912 2290; x_wconf 47' lang='lat' dir='ltr'>pastu-referunt</span> <span class='ocrx_word' id='word_1_205' title='bbox 926 2257 938 2276; x_wconf 78' lang='lat'><strong>‚</strong></span> <span class='ocrx_word' id='word_1_206' title='bbox 958 2221 998 2268; x_wconf 85' lang='lat'>&amp;</span> <span class='ocrx_word' id='word_1_207' title='bbox 1019 2221 1131 2283; x_wconf 82' lang='lat' dir='ltr'>longa</span> <span class='ocrx_word' id='word_1_208' title='bbox 1157 2237 1317 2265; x_wconf 85' lang='lat' dir='ltr'>canoros</span> 
     </span>
    </p>

    <p class='ocr_par' dir='ltr' id='par_1_13' title="bbox 371 2291 1442 2431">
     <span class='ocr_line' id='line_1_31' title="bbox 372 2291 1442 2359; baseline -0.001 -17"><span class='ocrx_word' id='word_1_209' title='bbox 372 2300 472 2342; x_wconf 83' lang='lat' dir='ltr'>Dant</span> <span class='ocrx_word' id='word_1_210' title='bbox 489 2314 555 2359; x_wconf 89' lang='lat' dir='ltr'>per</span> <span class='ocrx_word' id='word_1_211' title='bbox 575 2297 676 2346; x_wconf 83' lang='lat' dir='ltr'>colla</span> <span class='ocrx_word' id='word_1_212' title='bbox 692 2296 854 2351; x_wconf 86' lang='lat' dir='ltr'>modos;</span> <span class='ocrx_word' id='word_1_213' title='bbox 882 2294 989 2342; x_wconf 88' lang='lat' dir='ltr'>sonat</span> <span class='ocrx_word' id='word_1_214' title='bbox 1004 2293 1118 2340; x_wconf 89' lang='lat' dir='ltr'>amnis</span> <span class='ocrx_word' id='word_1_215' title='bbox 1131 2327 1144 2347; x_wconf 83' lang='lat'><strong>‚</strong></span> <span class='ocrx_word' id='word_1_216' title='bbox 1164 2291 1204 2339; x_wconf 86' lang='lat'>&amp;</span> <span class='ocrx_word' id='word_1_217' title='bbox 1220 2291 1302 2338; x_wconf 85' lang='lat' dir='ltr'>Afia</span> <span class='ocrx_word' id='word_1_218' title='bbox 1320 2292 1442 2358; x_wconf 82' lang='lat' dir='ltr'>longe</span> 
     </span>
     <span class='ocr_line' id='line_1_32' title="bbox 371 2368 610 2431; baseline -0.004 -17"><span class='ocrx_word' id='word_1_219' title='bbox 371 2368 476 2414; x_wconf 83' lang='lat' dir='ltr'>Pulsa</span> <span class='ocrx_word' id='word_1_220' title='bbox 494 2369 610 2431; x_wconf 83' lang='lat' dir='ltr'>palus.</span> 
     </span>
    </p>

    <p class='ocr_par' dir='ltr' id='par_1_14' title="bbox 370 2436 1285 2503">
     <span class='ocr_line' id='line_1_33' title="bbox 370 2436 1285 2503; baseline -0.001 -19"><span class='ocrx_word' id='word_1_221' title='bbox 370 2440 452 2484; x_wconf 89' lang='lat' dir='ltr'>Nec</span> <span class='ocrx_word' id='word_1_222' title='bbox 471 2439 662 2502; x_wconf 81' lang='lat' dir='ltr'>quisquam</span> <span class='ocrx_word' id='word_1_223' title='bbox 683 2454 809 2488; x_wconf 78' lang='lat' dir='ltr'>aeratas</span> <span class='ocrx_word' id='word_1_224' title='bbox 827 2438 923 2487; x_wconf 84' lang='lat' dir='ltr'>acies</span> <span class='ocrx_word' id='word_1_225' title='bbox 949 2456 994 2485; x_wconf 85' lang='lat' dir='ltr'>ex</span> <span class='ocrx_word' id='word_1_226' title='bbox 1013 2436 1160 2503; x_wconf 84' lang='lat' dir='ltr'>agmine</span> <span class='ocrx_word' id='word_1_227' title='bbox 1179 2449 1285 2483; x_wconf 86' lang='lat' dir='ltr'>tanto</span> 
     </span>
    </p>
   </div>
   <div class='ocr_carea' id='block_1_4' title="bbox 1581 766 1673 811">
    <p class='ocr_par' dir='ltr' id='par_1_15' title="bbox 1581 766 1673 811">
     <span class='ocr_line' id='line_1_34' title="bbox 1581 766 1673 811; baseline 0.022 -2"><span class='ocrx_word' id='word_1_228' title='bbox 1581 766 1673 811; x_wconf 87' lang='lat'>680</span> 
     </span>
    </p>
   </div>
   <div class='ocr_carea' id='block_1_5' title="bbox 1581 1129 1673 1189">
    <p class='ocr_par' dir='ltr' id='par_1_16' title="bbox 1581 1129 1673 1189">
     <span class='ocr_line' id='line_1_35' title="bbox 1581 1129 1673 1189; baseline 0.054 -5"><span class='ocrx_word' id='word_1_229' title='bbox 1581 1129 1673 1189; x_wconf 80' lang='lat'>685.</span> 
     </span>
    </p>
   </div>
   <div class='ocr_carea' id='block_1_6' title="bbox 1569 1497 1662 1552">
    <p class='ocr_par' dir='ltr' id='par_1_17' title="bbox 1569 1497 1662 1552">
     <span class='ocr_line' id='line_1_36' title="bbox 1569 1497 1662 1552; baseline 0.022 -14"><span class='ocrx_word' id='word_1_230' title='bbox 1569 1497 1662 1552; x_wconf 88' lang='lat'>690</span> 
     </span>
    </p>
   </div>
   <div class='ocr_carea' id='block_1_7' title="bbox 1566 2239 1660 2280">
    <p class='ocr_par' dir='ltr' id='par_1_18' title="bbox 1566 2239 1660 2280">
     <span class='ocr_line' id='line_1_37' title="bbox 1566 2239 1660 2280; baseline 0 -10"><span class='ocrx_word' id='word_1_231' title='bbox 1566 2239 1660 2280; x_wconf 83' lang='lat'>700</span> 
     </span>
    </p>
   </div>
  </div>
 </body>
</html>
