1715 3028
323 164 419 210 432
662 153 715 198 P.
787 139 1334 208 VIRGJLJJJJ

320 259 485 306 Nomine
504 278 692 323 quemque
711 279 879 307 vocans-2
899 261 1095 326 reficitque
1116 262 1153 308 in
1171 262 1305 327 proelia
1326 263 1466 327 pulsos.
1519 281 1529 300 x

321 331 417 392 Quis
437 346 554 377 metus
569 367 581 386 ‚
606 352 631 378 o
650 350 834 395 nunquam
853 333 1035 388 dolituri,
1055 354 1078 380 o
1099 333 1243 399 semper
1265 336 1400 382 inertes

319 403 540 468 Tyrrheni,
566 423 650 468 quae
670 421 770 452 tanta
789 406 918 452 animis
937 406 1086 470 ignavia
1106 408 1236 455 venit.
1228 417 1241 444 ²

318 477 466 524 Femina
485 477 640 541 palantis
657 477 763 542 agit
782 493 893 542 atque
916 479 997 526 haec
1015 480 1160 544 agmina
1177 481 1315 528 vertit
1307 489 1321 517 θ

320 551 413 609 Quo
428 549 590 603 ferrum,
611 550 749 613 quidve
769 550 847 596 haec
864 552 1025 615 gerimus
1046 552 1145 598 tela
1138 552 1237 600 irrita
1254 554 1410 600 dextris
1402 559 1417 588 ³
1519 569 1606 612 735

317 628 368 667 At
391 641 467 668 non
488 622 525 668 in
544 626 732 670 Venerem
753 624 909 689 segnes.,
927 626 1183 689 no&urnaque
1202 627 1300 674 bella
1314 663 1327 682 ‚

320 699 394 740 Aut
404 729 421 753 ,ι
433 694 495 740 ubi
513 713 625 742 curva
643 696 781 744 choros
803 697 1040 745 indixittibia
1055 700 1187 746 Bacchi
1207 736 1222 755 .‚
1505 726 1527 749 u

317 766 536 831 Exspectare
556 769 689 832 dapes,
711 770 749 816 δ’(
767 770 888 834 plenae
906 772 1043 836 pocula
1064 773 1224 827 mensae3

314 841 385 887 Hic
404 860 506 887 amor
519 877 531 896 .,
552 842 626 888 hoc
646 843 825 898 studium3
844 845 929 891 dum
949 845 1047 891 sacra
1065 845 1244 892 secundus
1264 845 1445 910 haruspex

312 916 471 962 Nuntiet
484 952 496 969 ,
516 935 557 962 ac
574 917 680 963 lucos
699 934 810 964 vocet
829 918 943 965 hostia
961 919 1106 983 pinguis
1127 920 1164 966 in
1185 920 1292 966 altos.
1511 938 1604 976 740

311 994 402 1038 Haec
420 993 549 1040 effatus
563 1029 574 1047 ,
597 1011 735 1057 equum
752 993 789 1039 in
809 995 953 1040 medios
966 1029 976 1048 ,
995 994 1195 1044 moriturus
1216 994 1255 1041 ὃ(
1275 993 1352 1058 ipse
1368 1030 1381 1049 ‚

314 1066 491 1112 concitat
504 1102 515 1119 .,
534 1067 574 1112 ὅ(
589 1066 743 1113 Venulo
762 1067 957 1113 adversum
978 1066 1014 1112 se
1033 1066 1199 1112 turbidus
1220 1066 1332 1112 infert
1354 1101 1366 1120 ‚

311 1143 594 1205 Dereptumque
615 1142 659 1188 ab
682 1160 784 1205 equo
807 1141 933 1187 dextra
952 1138 1375 1204 compl-effiturshostem
1395 1175 1408 1194 ,

311 1215 357 1259 Et
381 1214 562 1278 gremium
579 1230 662 1261 ante
683 1214 784 1260 suum
805 1215 918 1261 multa
936 1214 974 1260 vi
994 1213 1159 1261 concitus
1178 1214 1307 1260 aufert.

309 1288 476 1335 Tollitur
494 1289 532 1334 in
553 1289 691 1335 coelum
710 1289 852 1335 clamor
870 1310 878 1331 τ
898 1288 1096 1352 cunctique
1115 1288 1234 1335 Latini
1432 1327 1434 1331 ,
1514 1304 1599 1348 745

310 1365 546 1410 Convertere
566 1364 711 1410 oculos.
732 1363 847 1409 Volat
864 1363 994 1426 igneus
1014 1381 1169 1426 aequore
1185 1362 1360 1409 Tarchon
1380 1397 1393 1416 ‚
1574 1371 1578 1375 '

309 1441 423 1484 Arma
442 1437 636 1501 virumque
655 1438 776 1484 ferens
795 1459 803 1482 :
823 1455 899 1484 tum
919 1437 1056 1483 summa
1075 1436 1183 1501 ipsuis
1204 1438 1248 1483 ab
1267 1437 1361 1483 hasta

310 1510 503 1574 Defringit
523 1510 684 1563 ferrunr,
703 1510 743 1556 &
762 1510 871 1572 partis
894 1507 1042 1554 rimatur
1062 1524 1205 1572 apertas
1225 1544 1238 1561 ,

310 1586 397 1643 Qua
416 1582 548 1628 vulnus
570 1581 682 1627 letale
703 1581 818 1627 feratz
841 1596 971 1626 contra
991 1581 1055 1626 ille
1075 1598 1283 1643 repugnans

309 1657 468 1702 Sustinet
485 1675 503 1701 a
520 1655 653 1719 jugulo
673 1654 859 1706 dextram,
877 1653 917 1700 ἃ
935 1655 1010 1699 vim
1031 1653 1170 1699 viribus
1189 1653 1274 1700 exit.
1509 1670 1598 1712 ¹750

307 1734 437 1793 thue
455 1730 587 1776 volans
606 1730 678 1774 alte
704 1745 846 1792 raptum
867 1745 950 1773 cum
969 1727 1071 1774 fulva
1091 1728 1293 1774 draconem
1586 1729 1591 1733 ’

309 1808 393 1851 Fert
413 1802 534 1868 aquila
550 1839 561 1856 ,
580 1802 839 1866 implicuitque
857 1803 971 1866 perles
988 1836 1001 1855 ,
1021 1816 1133 1865 atque
1150 1802 1336 1866 unguibus
1359 1801 1459 1849 haefit
1476 1823 1485 1848 :

308 1877 457 1924 Saucius
479 1893 513 1923 at
531 1876 679 1942 serpens
696 1876 841 1922 sinuosa
859 1876 1049 1922 volumina
1067 1876 1186 1921 versat
1204 1912 1216 1930 ‚

306 1951 544 2014 ›ArreEtisque
563 1950 693 1996 horret
715 1947 870 2012 squamis
883 1983 896 2001 .,
914 1947 954 1994 δι
973 1947 1090 1994 sibilat
1112 1966 1178 1994 ore
1198 1983 1210 2001 ‚

309 2025 454 2072 Arduus
475 2023 693 2087 insurgens:
719 2021 781 2068 illa
799 2021 894 2067 haud
916 2020 1036 2066 minus
1057 2037 1165 2085 urget
1186 2021 1338 2067 obunco
1507 2039 1591 2082 755

307 2100 521 2145 LuRantem
536 2098 656 2144 rostro
671 2117 682 2150 ·,
700 2095 803 2142 fimul
822 2095 958 2141 aethera
977 2096 1241 2158 verberatam.
1520 2107 1521 2111 ’

307 2172 412 2219 Haud
431 2171 537 2218 aliter
554 2170 719 2236 ‘praedam
737 2168 934 2214 Tiburtum
955 2187 1000 2214 ex
1020 2168 1166 2232 agmine
1186 2168 1362 2215 Tarchon

306 2249 435 2292 Portat
453 2261 580 2290 ovans.
605 2240 720 2287 Ducis
742 2240 953 2304 exemplum
971 2256 1223 2303 eventumque
1242 2239 1356 2286 secuti

305 2317 514 2365 Maeonidae
538 2315 740 2361 incurrunt.
760 2317 857 2360 Tum
871 2313 952 2360 faris
974 2314 1119 2361 debitus
1137 2317 1276 2359 Arruns

305 2392 492 2436 Velocem
512 2389 636 2453 jaculo
658 2387 698 2435 δέ
718 2387 831 2433 multa
849 2388 952 2451 prior
970 2403 1046 2434 arte
1063 2387 1255 2432 Camillam
1501 2395 1590 2445 760

309 2462 480 2517 Circuit,
500 2462 537 2510 ὅ(
552 2499 564 2517 ,
582 2480 664 2525 quae
683 2460 726 2507 stt
745 2460 893 2507 fortuna
912 2459 1084 2506 facillima
1100 2493 1111 2512 ‚
1131 2473 1258 2505 tentat.
1282 2490 1298 2499 .
