1715 3028
313 158 407 218 360
640 159 693 202 P.
767 159 1268 204 VIRGILII

310 265 626 331 Armigerumque
645 265 751 311 Remi
771 265 931 330 premit,
951 264 1190 329 aurigamque
1208 266 1272 312 sub
1290 265 1374 331 ipsis
1514 283 1602 325 330

312 340 449 386 Naklus
469 339 574 402 equi's
591 359 603 392 ·‚
619 338 799 402 ferroque
819 339 915 386 secat
935 340 1137 404 pendentia
1163 340 1273 386 colla.
1289 343 1293 360 ⁵
1358 372 1362 375 ἡ

309 416 405 460 Tum
424 430 534 478 caput
546 413 610 478 ipfi
629 414 747 460 aufert
761 414 917 461 domino
931 450 942 468 ‚
961 431 1206 477 truncumque
1224 413 1399 478 relinquit

310 487 498 550 Sanguine
515 486 767 552 singultantem
792 509 800 532 ε
826 502 907 534 atro
929 487 1111 551 tepesaRa
1133 503 1268 533 cruore

308 563 424 606 Terra
447 561 597 625 torique
615 563 774 608 madent.
801 566 882 608 Nec
903 582 978 609 non
1003 566 1274 626 Lamyrumque
1290 565 1516 624 Lamumque
1534 595 1546 614 ‚

308 635 355 679 Et
376 634 549 696 juvenem
569 639 761 682 Sarranum
776 672 786 690 ,
807 636 870 682 illa
893 635 955 700 qui
975 636 1132 700 plurima
1151 637 1262 683 noste
1514 652 1564 692 33
1581 652 1598 693 ς

307 707 457 755 Luserat
471 745 482 761 .,
506 709 656 774 insignis
674 710 768 756 facie
784 747 795 763 ,
815 711 1011 774 multoque
1029 710 1173 773 jacebat

306 781 480 827 Membra
498 785 585 828 Deo
604 782 719 829 viftus
737 805 744 827 :
765 783 853 830 felix
873 820 885 837 ,
910 783 933 829 {i
955 797 1136 847 protenus
1158 783 1262 828 illum

306 853 496 916 AEquaffet
511 853 612 899 noffi
632 854 759 900 ludum
778 891 790 909 ‚
810 854 846 900 in
868 855 1064 918 lucemque
1085 854 1233 900 tuliffet.

305 927 478 990 Impastus
497 946 565 974 ceu
585 928 694 991 plena
715 928 779 974 leo
800 947 866 991 per
887 928 1002 974 ovilia
1020 928 1196 980 turbans3

307 1000 444 1046 Suadet
467 1000 565 1045 enim
590 1000 723 1046 vesana
744 1000 878 1053 fames,
896 1000 1111 1063 manditque
1133 999 1318 1063 trahitque
1513 1017 1603 1058 340

305 1074 435 1119 Molle
453 1092 566 1137 pecus
580 1111 592 1127 ,
610 1089 828 1136 mutumque
850 1089 972 1129 metu:
993 1073 1116 1120 fremit
1137 1092 1203 1120 ore
1223 1089 1394 1120 cruento.

305 1148 389 1192 Nec
410 1147 535 1194 minor
554 1147 703 1209 Euryali
724 1140 863 1193 caedess
878 1147 1051 1193 Incensus
1071 1146 1111 1193 ἃ
1129 1146 1209 1210 ipse

305 1219 487 1272 Persurit3
506 1238 548 1265 ac
566 1220 714 1265 multam
736 1219 772 1264 in
792 1218 919 1266 medio
943 1218 1019 1265 fine
1038 1218 1193 1265 nomine
1213 1218 1364 1282 plebem
1381 1253 1394 1277 7

306 1292 522 1357 Fadumque
538 1329 550 1346 .,
577 1292 861 1356 Herbesumque
891 1291 986 1338 subit
1007 1327 1019 1345 ‚
1041 1291 1293 1354 Rhoetumque
1313 1326 1324 1344 ,
1349 1288 1573 1353 Abarimque
1593 1314 1605 1331 ς

305 1370 484 1431 lgnaros3
505 1367 681 1414 Rhoetum
700 1366 921 1431 vigilantem
937 1402 949 1420 ,
970 1366 1009 1412 ὅ(
1031 1366 1163 1411 cuneta.
1176 1365 1393 1419 videntem3
1515 1381 1598 1423 345

303 1441 379 1486 Sed
397 1459 573 1504 magnum
591 1455 758 1486 metuens
776 1439 812 1485 se
829 1438 911 1502 post
931 1454 1068 1484 cratera
1089 1438 1241 1500 tegebat
1259 1458 1267 1480 ε

274 1538 278 1547 ·
305 1513 465 1559 Ρεξὶοῑε
485 1513 523 1558 in
543 1513 701 1558 adverso
723 1527 843 1557 totum
863 1510 920 1555 cui
941 1510 1145 1555 comminus
1165 1508 1290 1554 ensem

307 1587 494 1634 Condidit
512 1586 735 1647 assurgenti,
755 1585 794 1631 ἃ
814 1585 927 1630 multa
948 1598 1070 1629 morte
1091 1581 1246 1646 recepit.

305 1664 531 1723 Purpuream
550 1658 671 1705 vomit
689 1658 754 1703 ille
772 1658 927 1703 animam
944 1676 955 1709 ·‚
976 1655 1015 1702 δι
1032 1673 1114 1700 cum
1136 1654 1314 1717 sanguine
1334 1653 1447 1699 mixta

305 1732 404 1778 Vina
421 1732 535 1778 refert
552 1730 731 1778 moriens.
752 1729 822 1775 Hic
840 1729 940 1774 furto
958 1727 1122 1773 fervidus
1143 1726 1257 1772 instat.
1512 1743 1529 1783 3
1547 1743 1601 1788 50

306 1810 457 1868 Jamque
477 1807 522 1852 ad
540 1803 700 1868 Messapi
721 1800 845 1849 socios
864 1801 1041 1847 tendebat
1057 1836 1069 1854 ,
1085 1799 1147 1846 ubi
1167 1799 1295 1863 ignem

307 1882 483 1927 Deficere
505 1895 708 1926 extremum
724 1914 735 1931 ,
758 1877 799 1925 ἃ
817 1877 995 1941 religatos
1014 1876 1083 1921 rite
1105 1874 1256 1920 videbat

309 1957 478 2018 Carpere
498 1969 651 2016 gramen
670 1969 815 2014 equos:
839 1948 1005 1995 breviter
1028 1966 1110 1993 cum
1132 1947 1217 1993 talia
1236 1945 1345 1991 Nisus
1361 1980 1375 1999 ,

308 2028 452 2088 (Sensit
470 2027 566 2073 enim
588 2026 698 2073 nimia
715 2025 818 2071 caede
836 2040 945 2087 atque
967 2022 1142 2086 cupidine
1162 2021 1280 2080 ferri)

308 2101 529 2149 Abfistamus
544 2136 555 2154 ‚
573 2100 622 2146 ait
640 2121 648 2144 τ
674 2118 753 2145 nam
771 2099 833 2143 lux
853 2096 1002 2143 inimica
1022 2095 1259 2161 propinquat.
1467 2115 1470 2118 >
1512 2111 1530 2152 3
1547 2110 1562 2154 5
1578 2109 1596 2151 5

309 2181 508 2224 Poenarum
529 2174 737 2220 exhaustum
757 2173 837 2219 satis
858 2172 931 2218 est:
951 2170 1010 2216 via
1028 2170 1118 2216 fasta
1138 2187 1204 2232 per
1224 2167 1357 2214 hostes.

310 2248 433 2293 Multa
453 2246 573 2293 virum
593 2247 717 2293 solido
737 2261 896 2310 argento
923 2244 1085 2309 pe'rfeEta
1105 2242 1321 2304 relinquunt

310 2326 496 2385 Armaque
512 2357 522 2375 ,
543 2322 773 2384 craterasque
794 2320 895 2366 simul
911 2356 923 2371 ,
943 2317 1195 2383 pulchrosque
1214 2331 1365 2380 tapetas.

310 2395 492 2457 Euryalus
514 2395 681 2458 phaleras
699 2392 936 2445 Rhamnetis,
958 2392 997 2438 δε
1017 2409 1124 2436 aurea
1144 2388 1256 2434 bullis

311 2467 475 2531 Cingula
494 2504 506 2522 ,
522 2467 667 2514 Tiburti
688 2468 848 2514 Remulo
867 2465 1052 2511 ditissimus
1075 2462 1165 2509 olim
1508 2465 1596 2518 360
