1715 3028
458 170 1066 222 BUCOLICA(

109 282 180 330 Hic
198 281 289 330 mihi
309 282 531 348 responsum
547 282 688 348 primus
705 281 809 328 dedit
827 280 892 328 ille
910 276 1056 345 petenti
1076 297 1086 322 :

108 355 249 402 Pascite
264 391 276 410 ‚
295 371 337 402 ut
354 370 440 402 ante
453 391 465 411 ‚
484 356 605 402 boves
619 390 631 410 ,
651 353 759 419 pueri
778 374 789 399 t
810 352 1015 400 submittite
1033 365 1176 397 tauros.

110 443 157 471 M.
176 430 381 472 Fortunate
401 426 513 476 senex
534 462 546 481 ‚
575 443 670 490 ergo
691 442 753 472 tua
772 443 855 471 rura
875 423 1108 471 manebunt?

109 501 156 545 Et
173 498 240 545 tibi
260 517 394 564 magna
412 499 525 551 satis?
545 499 714 564 quamvis
731 498 825 564 lapis
848 497 976 546 omnia
995 496 1115 544 nudus
1133 529 1147 550 ‚

109 572 339 637 Limosoque
358 574 463 638 palus
485 575 649 622 obducat
665 574 799 639 pascua
816 574 950 638 junco:

111 642 204 694 Non
224 647 365 695 insueta
383 648 507 711 gravis
524 650 722 696 tentabunt
744 650 880 714 pabula
896 648 1007 694 foetas
1024 668 1036 692 ;

114 720 197 765 Nec
214 721 308 767 mala
325 721 441 767 vicini
458 722 608 787 pecoris
627 721 804 785 contagia
820 722 984 768 laedent?

114 795 318 841 Fortunate
340 795 453 842 senex
470 832 482 851 ‚
505 796 565 842 hic
583 796 681 844 inter
697 796 853 844 flumina
873 810 988 849 nota,

112 867 160 912 Et
176 866 291 914 fontis
311 868 462 924 sacros,
490 869 607 935 frigus
632 870 795 935 captabis
821 886 995 934 opacum.

112 939 210 987 Hinc
227 940 293 989 tibi
309 979 320 997 ,
341 961 424 1006 quae
446 943 592 1008 semper
612 943 742 990 vicino
761 943 806 989 ab
823 942 944 989 limite
962 940 1112 1006 saepessss

111 1016 279 1079 Hyblaeis
296 1017 426 1082 apibus
443 1017 580 1065 florem
601 1017 749 1082 depasta
771 1016 918 1071 saliffi‘,

114 1093 221 1155 Saepe
242 1091 319 1138 levi
336 1091 506 1139 somnum
526 1092 693 1139 suadebit
710 1091 805 1138 inire
824 1091 986 1138 susurro⁴¹

116 1162 213 1209 Hinc
232 1163 304 1210 alta
322 1164 386 1210 sub
406 1184 499 1229 rupe
518 1181 627 1212 canet
644 1166 843 1213 frondator
862 1165 908 1211 ad
925 1182 1041 1211 auras.

115 1237 200 1282 Nec
216 1231 341 1282 tamen
360 1236 502 1283 interea
520 1256 640 1283 raucae
654 1273 666 1291 ,
684 1254 745 1284 tua
764 1256 851 1284 cura
863 1272 876 1291 ‚
902 1237 1097 1301 palumbes
1111 1269 1125 1286 ι,

116 1310 200 1355 Nec
218 1326 369 1373 gemere
387 1310 485 1356 ae'ria
505 1310 656 1357 ceffabit
674 1326 793 1357 turtur
812 1311 857 1356 ab
875 1310 994 1357 ulmo.

117 1400 153 1427 τ.
173 1388 273 1428 Ante
292 1383 396 1429 leves
416 1402 510 1448 ergo
536 1384 735 1448 pascentur
753 1384 791 1430 in
811 1385 951 1431 aethere
972 1381 1073 1430 cervi
1091 1417 1106 1436 9

115 1459 162 1503 Et
180 1457 272 1504 freta
290 1457 491 1505 destituent
508 1458 632 1505 nudos
649 1458 688 1504 in
707 1458 823 1505 litore
841 1458 978 1522 piscis:

115 1534 217 1578 Ante
236 1566 248 1584 .,
274 1530 472 1595 pererratis
490 1531 685 1578 amborum
701 1530 837 1577 finibus
853 1566 865 1585 .,
894 1529 997 1576 exsul
1013 1565 1025 1593 ²

115 1604 192 1653 Aut
211 1605 355 1653 Ararim
371 1606 525 1654 Parthus
541 1606 646 1654 bibet
663 1643 675 1662 ‚
701 1623 764 1654 aut
782 1607 984 1653 Germania
998 1603 1171 1670 Tigrim}

117 1681 243 1739 Quam
262 1678 389 1725 nostro
407 1677 507 1724 illius
524 1679 668 1725 labatur
684 1679 839 1743 pe&ore
859 1678 999 1725 vultus.

119 1769 167 1798 M.
195 1754 245 1798 At
265 1771 334 1799 nos
352 1751 440 1798 hinc
460 1751 524 1798 alii
543 1751 698 1798 fitientis
718 1751 851 1799 ibimus
868 1751 1006 1799 Afros:

117 1829 202 1872 Pars
220 1824 436 1890 Scythiam,
460 1825 501 1871 Sc
516 1824 685 1889 rapidum
706 1828 831 1873 Cretae
847 1824 1042 1872 veniemus
1062 1825 1235 1876 Oaxem

120 1900 169 1944 Et
197 1897 345 1961 penitus
365 1911 450 1943 toto
471 1896 614 1943 divisos
634 1899 726 1945 orbe
751 1898 961 1946 Britannos.

121 1973 179 2017 En
197 2006 210 2026 ‚
229 1987 392 2034 unquam
410 1970 550 2035 patrios
565 1970 688 2036 longo
707 1972 790 2036 post
811 1986 988 2036 tempore
1002 1972 1086 2018 finis
1100 2007 1116 2026 ‚

122 2043 297 2108 Pauperis
317 2041 356 2090 δὲ
378 2050 503 2108 tuguri
521 2045 741 2109 congestum
761 2045 902 2110 cespite
930 2046 1078 2092 culmen
1099 2080 1112 2099 ‚

121 2121 208 2168 Post
227 2120 400 2184 aliquot,
430 2139 512 2167 mea
531 2138 647 2186 regna
665 2120 820 2176 videns,
838 2121 1003 2168 mirabor
1019 2119 1140 2166 aristas
1159 2125 1175 2164 ἒ

123 2194 260 2259 Impius
279 2195 359 2242 haec
376 2211 450 2242 tam
469 2196 567 2241 culta
586 2194 737 2243 novalia
754 2195 861 2242 miles
877 2194 1060 2242 habebit?

121 2269 298 2316 Barbarus
317 2267 380 2314 has
405 2267 550 2333 segetes
568 2275 587 2314 ἔ
610 2287 656 2315 en
671 2305 683 2323 ‚
703 2287 780 2333 quo
800 2268 987 2316 discordia
1011 2267 1103 2315 civis

121 2342 305 2392 Produxit
322 2342 477 2389 miseros
499 2349 509 2387 ¹.
535 2362 583 2389 en
600 2378 612 2397 ‚
633 2349 714 2407 quis
733 2343 969 2391 consevimus
987 2363 1098 2408 agros
1119 2351 1131 2389 ⁸.

121 2417 247 2467 Insere
267 2435 387 2470 nunc,
401 2416 612 2471 Meliboee,
632 2417 736 2482 piros
755 2454 767 2472 .,
788 2436 892 2486 pone
915 2418 1050 2465 ordine
1077 2417 1179 2466 vitis.

124 2499 179 2544 lte
196 2515 290 2544 meae
306 2531 318 2552 ,
339 2495 431 2543 felix
449 2495 640 2561 quondam
659 2510 773 2559 pecus
788 2527 801 2546 ‚
822 2489 873 2538 ite
891 2491 1060 2556 capellae.
1174 2484 1187 2491 ”’

1064 2568 1163 2632 ΑΔ»,

1343 287 1407 335 45,

1352 656 1409 698 50

1354 1024 1404 1068 55

1349 1384 1409 1427 60

1357 2135 1416 2179 Z&

1368 2506 1430 2549 75⁷
