1715 3028
376 172 817 218 AENEIDOS
875 169 1031 218 LIB.
1067 172 1115 215 J.

99 285 182 329 Pars
201 281 239 328 in
257 280 365 328 frusta
382 281 506 327 secant
519 317 531 336 ‚
549 281 777 344 veribusque
806 279 1002 327 trementia
1021 279 1164 344 figunt:

99 354 227 401 Litore
246 373 335 401 aena
353 354 481 401 locant
501 355 584 409 alii,
607 354 848 416 flammasque
866 353 1080 399 ministrant,

97 430 192 473 Tum
212 427 311 474 viclu
332 443 513 475 revocant
531 428 652 474 vires:
681 426 825 490 fusique
843 446 910 490 per
929 426 1081 473 herbam

97 499 304 562 Implentur
322 500 460 546 veteris
480 498 639 553 Bacchi,
658 498 884 562 pinguisque
901 498 1040 545 ferinae.

95 572 294 635 Postquam
315 588 460 619 exemta
485 572 597 618 fames
617 571 762 636 epulis,
785 570 1002 634 mensaeque
1022 587 1204 625 remotae,

98 644 260 692 Amiffos
281 646 404 709 longo
426 644 552 692 socios
573 645 748 691 sermone
771 642 994 707 requirunt;

93 723 283 785 Spemque
300 737 515 786 metumque
536 721 631 768 inter
650 719 776 767 dubii:
808 720 871 766 seu
891 719 1022 766 vivere
1043 721 1217 776 credant,

94 798 184 845 Sive
208 813 371 844 extrema
390 797 489 862 pati,
512 816 582 844 nec
599 797 672 860 jam
693 795 870 843 exaudire
896 811 1069 842 vocatos.

95 870 287 936 Praecipue
307 871 388 935 pius
406 874 543 917 AEneas
559 907 572 925 ,
592 889 689 916 nunc
707 868 801 916 acris
824 868 963 915 Oronti
975 904 989 923 ‚

97 945 211 990 Nunc
228 944 365 1009 Amyci
383 943 506 990 casum
527 944 667 1008 gemit,
691 943 731 990 &
750 941 916 989 crudelia
936 941 1058 988 secum

96 1019 183 1064 Fata
201 1017 312 1081 Lyci,
331 1018 546 1082 fortemque
561 1021 697 1082 Gyan,
714 1017 929 1080 fortemque
949 1016 1196 1063 Cloanthum.

164 1093 210 1136 Et
227 1090 299 1153 jam
318 1090 400 1136 finis
420 1106 519 1137 erat:
542 1109 625 1136 cum
652 1090 821 1154 Iuppiter
839 1088 981 1134 aethere
1003 1088 1148 1135 summo

95 1162 315 1227 Despiciens
337 1180 437 1208 mare
457 1161 670 1208 velivolum
688 1161 876 1223 terrasque
894 1159 1066 1221 iacentis,

96 1235 324 1298 Litoraque,
345 1235 385 1282 ἃ
409 1235 505 1281 latos
524 1234 713 1298 populos,
731 1232 780 1278 fic
800 1232 943 1279 vertice
963 1232 1052 1278 coeli

97 1309 279 1355 Constitit
295 1344 307 1363 ‚
328 1308 368 1355 ὅ(
387 1308 517 1372 Libyae
535 1307 665 1354 defixit
684 1307 825 1354 lumina
843 1309 980 1372 regnis.

97 1386 225 1444 Atque
246 1381 352 1426 illum
372 1381 453 1426 talis
474 1382 670 1441 jaRantem
691 1382 847 1444 peblore
870 1400 974 1428 curas

94 1452 254 1499 Tristior
268 1488 280 1507 ‚
302 1452 342 1499 &
362 1452 520 1499 lacrimis
543 1452 677 1499 oculos
698 1452 831 1498 suffusa
849 1453 1000 1501 nitentis
1017 1490 1031 1508 ,

95 1523 316 1587 Alloquitur
336 1527 465 1570 Venus
487 1545 496 1568 ε
536 1526 571 1569 Ο
593 1523 657 1587 qui
677 1542 735 1569 res
756 1523 1025 1589 hominumque
1043 1525 1232 1591 deumque

94 1598 261 1647 AEternis
281 1598 381 1663 regis
404 1597 570 1663 imperiis
585 1634 597 1653 ,
615 1598 655 1645 δε
673 1598 832 1646 fulmine
852 1615 991 1655 terres,

96 1672 205 1734 Quid
224 1691 327 1719 meus
348 1676 484 1719 AEneas
506 1672 544 1718 in
566 1687 603 1726 te
624 1672 863 1727 committere
881 1689 1047 1729 tantum,

95 1746 204 1807 Quid
221 1749 343 1792 Troes
361 1752 550 1809 potuere?
575 1746 730 1809 quibus,
748 1762 808 1793 tot
824 1746 957 1794 funera
974 1748 1077 1813 paffis
1089 1783 1104 1802 ,

98 1818 265 1864 Cun&us
285 1818 335 1864 ob
355 1817 496 1863 Italiam
517 1832 695 1865 terrarum
712 1819 896 1875 clauditur
917 1821 1044 1867 orbis?

99 1895 216 1938 Certe
238 1890 326 1937 hinc
344 1895 536 1938 Romanos
555 1891 647 1938 olim
661 1928 673 1946 ‚
691 1882 938 1939 volventibus
955 1895 1059 1941 annis
1073 1931 1087 1949 .‚

95 1967 194 2014 Hinc
211 1965 295 2012 fore
314 1965 487 2013 duetores
501 2002 513 2020 ‚
532 1981 714 2013 revocato
732 1986 752 2012 a
770 1966 948 2031 sanguine
968 1968 1129 2023 Teucri,

96 2039 178 2100 Qui
198 2057 296 2086 mare
310 2074 322 2093 ,
341 2038 403 2102 qui
425 2056 537 2086 terras
560 2040 664 2087 omni
686 2040 835 2087 ditione
854 2056 1056 2096 tenerent,

95 2112 304 2161 Pollicitus.
340 2115 439 2173 Quae
458 2128 517 2167 te,
536 2112 699 2160 Genitor
712 2149 724 2168 ,
741 2113 921 2160 sententia
941 2113 1081 2160 vertit?

96 2190 186 2234 Hoc
208 2187 384 2251 equidem
405 2188 579 2235 occasum
597 2188 728 2251 Trojae
749 2187 935 2252 tristisque
958 2188 1081 2235 ruinas

96 2261 275 2315 Solabar‚
292 2260 373 2307 fatis
401 2262 584 2308 contraria
602 2262 675 2308 fata
699 2262 923 2326 rependens.

95 2337 207 2382 Nunc
225 2335 355 2381 eadem
373 2335 519 2382 fortuna
537 2336 640 2383 viros
659 2351 717 2383 tot
736 2335 874 2383 casibus
892 2338 995 2384 aElos

96 2407 321 2472 Insequitur.
358 2412 484 2470 Quem
503 2410 565 2455 das
584 2409 717 2463 finem,
736 2413 815 2456 Rex
836 2429 993 2475 magne,
1010 2411 1208 2459 laborum?

97 2483 275 2532 Antenor
294 2484 442 2553 potuit3
461 2485 593 2533 mediis
614 2484 758 2551 elapsus
778 2485 929 2533 Achivis
942 2521 954 2540 2

1303 183 1393 234 139

1302 513 1396 563 215*

1301 889 1393 917 220

1253 1658 1255 1661 ,
1302 1619 1396 1660 230

1300 1985 1386 2052 235

1296 2358 1390 2395 24ω
