1715 3028
283 207 374 239 102
617 194 672 241 P.
744 195 1254 244 VIRGIL11

280 302 370 346 Non
389 299 493 346 secus
510 318 552 347 ac
570 299 697 365 patriis
715 319 799 346 acer
817 304 1005 348 Romanus
1023 302 1057 349 in
1079 304 1187 350 armis

279 374 418 437 Iujusto
445 375 510 422 sub
530 375 627 422 fasce
645 376 744 422 viam
761 394 844 423 cum
861 378 977 441 carpit
994 413 1006 431 ‚
1029 377 1069 424 ἃ
1087 377 1183 424 hosti

278 453 378 498 Ante
397 451 649 516 exspectatum
668 451 797 515 positis
815 452 880 498 stat
898 452 936 499 in
952 453 1101 517 agmine
1124 453 1259 500 castris.

279 527 329 570 At
347 544 421 571 non
435 560 447 578 ,
471 543 541 588 qua
559 524 720 590 Scythiae
741 542 895 590 gentem,
912 527 1147 591 Maeotiaque
1167 527 1263 573 unda
1281 563 1295 581 ‚

277 598 464 644 Turbidus
484 597 525 645 ὃ(
543 612 725 662 torquens
746 599 920 646 flaventis
938 600 1058 647 Hister
1086 619 1214 647 arenas
1233 636 1245 655 ‚

278 674 444 735 Quaque
463 671 561 719 redit
579 672 742 719 medium
759 673 950 738 Rhodope
970 674 1145 739 porte&
1166 673 1232 720 sub
1251 690 1368 720 axem.

276 743 361 790 lllic
380 745 503 792 clausa
522 761 649 794 tenent
668 746 812 793 stabulis
833 762 998 794 armenta
1017 768 1028 801 ;
1060 765 1183 811 neque
1202 747 1290 793 ullae

278 818 355 862 Aut
374 815 500 863 herbae
518 837 651 884 campo
670 833 875 883 apparent,
895 833 957 866 aut
976 818 1111 866 arbore
1130 818 1284 866 frondes
1304 841 1313 864 -ε

277 889 353 935 Sed
372 890 470 952 jacet
489 892 686 956 aggeribus
710 891 829 938 niveis
850 891 1016 938 informis
1033 928 1044 945 ,
1064 892 1104 939 ἃ
1126 891 1206 939 alto

277 965 395 1010 Terra
416 965 503 1028 gelu
525 965 596 1012 late
612 1001 624 1020 ‚
645 965 863 1029 septemque
884 965 1035 1030 assurgit
1053 965 1090 1011 in
1110 965 1224 1012 ulnas.

277 1039 436 1101 Semper
455 1037 572 1084 hiems
588 1074 601 1093 ‚
622 1038 768 1103 semper
788 1038 968 1103 spirantes
988 1037 1131 1103 frigora
1152 1039 1264 1084 cauri.

275 1110 375 1154 Tum
396 1108 453 1154 sol
474 1108 647 1174 pallentis
667 1109 764 1155 haud
783 1127 947 1172 unquam
966 1108 1117 1154 discutit
1142 1109 1288 1156 umbras
1310 1130 1318 1154 :

274 1182 360 1226 Nec
379 1199 463 1227 cum
482 1182 647 1228 invectus
667 1182 773 1244 equis
790 1182 903 1227 altum
924 1181 1019 1245 petit
1036 1180 1200 1227 aethera:
1228 1199 1298 1228 nec
1318 1198 1401 1228 cum

274 1253 513 1317 Praecipitem
531 1253 674 1300 Oceani
695 1254 810 1300 rubro
831 1254 921 1319 lavit
941 1272 1096 1318 aequore
1115 1273 1273 1304 currum.

276 1327 542 1373 Concrescunt
561 1326 688 1373 subitae
706 1327 869 1373 currenti
896 1327 933 1374 in
957 1327 1111 1374 flumine
1132 1328 1257 1374 crustae
1273 1363 1286 1382 ‚

274 1400 491 1464 Undaque
483 1418 555 1463 Jatn
573 1416 685 1466 tergo
702 1400 860 1448 ferratos
884 1400 1034 1447 sustinet
1052 1400 1186 1455 orbis,

272 1475 465 1538 Puppibus
488 1474 551 1520 illa
567 1475 668 1538 prius
688 1474 850 1538 patulis,
870 1492 967 1520 nunc
992 1473 1139 1538 hospita
1160 1473 1340 1538 plaustris.

268 1549 335 1595 'AE
325 1565 437 1611 taque
456 1546 630 1593 diffiliunt
648 1546 797 1610 vulgo,
822 1545 1017 1609 vestesque
1045 1545 1234 1610 rigescunt

271 1621 448 1674 Indum,
478 1619 703 1683 caeduntque
725 1619 914 1666 securibus
932 1618 1082 1665 humida
1104 1618 1188 1665 vina
1209 1655 1222 1673 ‚

273 1696 322 1740 Et
340 1709 431 1741 totae
455 1693 612 1740 solidam
635 1691 671 1738 in
693 1692 851 1757 glaciem
871 1707 1020 1739 vertere
1041 1691 1184 1738 lacunae
1203 1726 1218 1746 ‚

271 1768 457 1832 stiriaque
476 1767 632 1832 impexis
654 1766 820 1813 induruit
837 1767 989 1814 horrida
1009 1765 1143 1813 barbis.

270 1845 420 1888 Interea
439 1856 523 1888 toto
544 1860 621 1888 non
648 1840 767 1887 secius
791 1860 876 1887 aere
906 1840 1049 1905 ningit:

268 1920 462 1964 Intereunt
479 1917 644 1982 pecudes
658 1953 670 1971 .,
697 1916 784 1964 stant
804 1915 1023 1963 circumfusa
1044 1914 1183 1980 pruinis

267 1993 451 2055 Corpora
467 2008 602 2054 magna,
619 1991 759 2037 boum:
784 1989 1036 2053 confertoque
1054 1987 1201 2053 agmine
1222 1989 1324 2035 cervi

266 2066 444 2129 Torpent
461 2065 563 2111 mole
580 2083 678 2110 nova
692 2099 704 2118 ‚
721 2063 760 2110 ὅ(
777 2063 923 2109 summis
939 2062 1001 2110 vix
1020 2061 1197 2110 cornibus
1213 2062 1364 2109 exstant.

267 2140 350 2183 Hos
371 2156 446 2184 non
468 2136 627 2184 immiffis
646 2135 819 2190 canibm,
841 2154 918 2182 non
937 2136 1085 2182 caffibus
1103 2135 1188 2181 ullis
1207 2170 1220 2190 ‚

266 2210 486 2257 Puniceaeve
506 2209 645 2274 agitant
664 2208 822 2273 pavidos
839 2208 1042 2256 formidine
1061 2208 1188 2274 pinnae
1208 2230 1218 2254 :

267 2285 342 2331 Sed
363 2285 488 2331 frustra
508 2284 723 2349 oppofitum
742 2285 934 2332 trudentes
954 2284 1109 2348 pectore
1129 2300 1299 2332 montem

267 2359 452 2406 Cominus
476 2361 698 2406 obtruncant
714 2359 815 2405 ferro
832 2393 844 2412 ‚
866 2358 1102 2422 graviterque
1119 2357 1292 2404 rudentes

266 2434 427 2481 Caedunt
443 2469 455 2487 ‚
482 2433 520 2480 &
538 2451 677 2496 magno
696 2431 773 2478 laeti
793 2432 958 2478 clamore
977 2444 1181 2494 reportant.

267 2504 336 2570 lpfi
360 2505 399 2552 in
424 2504 571 2552 defoffis
595 2505 776 2569 specubus
805 2504 932 2551 secura
957 2502 1020 2550 sub
1042 2502 1113 2549 alta

1488 618 1578 665 3250

1489 981 1573 1025 355

1487 1333 1576 1386 360

1485 1700 1568 1754 365

1465 2080 1569 2122 ,37⁰

1470 2448 1555 2493 375
