1715 3028
335 187 428 251 338
668 179 1312 234 P.V]Rc;11:11

330 294 540 348 Instabant3
565 292 696 356 quibus
714 292 779 339 ille
796 291 898 340 viros
913 328 925 348 ‚
943 293 1076 356 quibus
1094 293 1226 341 excitat
1244 287 1379 350 urb-iss

332 370 541 433 AEgidaque
567 366 808 420 horris-eram,
828 366 980 412 turbatae
998 366 1152 412 Palladis
1170 385 1267 414 arma
1281 403 1293 421 ‚

332 439 514 489 Certatim
541 438 696 504 squamis
717 439 929 503 serpentum
950 456 1120 502 auroque
1137 439 1340 504 polibant,

325 511 775 595 *Connexosque-anquis
789 547 801 565 ,
820 511 1009 576 ipsamque
1028 512 1064 558 in
1085 513 1241 579 pe&ore
1258 513 1369 560 Divae

331 590 522 650 Gorgona
537 622 550 641 .,
578 584 728 631 defesso
749 600 956 631 vertentem
977 585 1115 632 lumina
1136 587 1254 634 collo.

328 660 476 707 Tollite
497 658 625 704 cuneta
640 693 653 712 ,
671 657 792 722 inquit
805 695 818 717 ‚
845 659 1071 724 coeptosque
1089 659 1231 706 auferte
1247 660 1396 708 labores
1412 689 1428 714 ·,

333 733 470 782 AEtnaei
494 732 712 796 Cyclope53
732 728 773 778 δι
788 731 860 778 huc
877 731 1059 778 advertite
1077 748 1252 779 mentem.

334 812 445 853 Arma
462 807 536 853 acri
554 805 722 853 facienda
739 807 835 853 viro„
868 809 976 853 Nunc
992 807 1138 854 viribus¹
1150 807 1233 853 usus
1252 842 1265 861 ‚

330 876 441 924 'Nunc
459 878 626 925 manibus
645 877 806 942 rapidis„
823 878 932 925 omni
952 897 1051 926 nunc
1068 897 1144 926 arte
1164 878 1341 943 magistra.

331 954 567 1019 Praecip'itate
585 972 719 1001 moras,
740 956 822 1000 Nec
841 955 947 1018 plura
965 954 1118 1000 effatus:
1147 970 1183 1000 et
1201 954 1255 1000 illi

330 1030 448 1076 Ocius
473 1028 677 1074 incubuere
701 1046 854 1081 omnes,
876 1027 1089 1092 pariterque
1109 1028 1279 1074 laborem

330 1098 477 1146 Sortiti.
499 1099 596 1145 Fluit
612 1119 661 1146 aes
681 1099 769 1145 rivis
784 1136 795 1154 ‚
815 1099 969 1163 aurique
990 1099 1179 1145 metallum
1200 1120 1212 1154 ;

334 1172 618 1236 Voluificusque
637 1171 789 1237 chalybs
808 1170 905 1219 vasta
926 1172 1077 1219 fornace
1098 1171 1283 1235 liquescit.

334 1237 526 1309 Iugeittem
549 1246 712 1311 clipeum
738 1247 962 1300 informant,
980 1260 1092 1292 unum
1113 1245 1239 1292 omnia
1259 1257 1388 1292 contra

332 1319 427 1365 Tela
445 1320 679 1365 Latinorum:
702 1319 950 1384 septenosque
972 1315 1123 1366 orbibus
1144 1317 1244 1366 orbis

333 1393 559 1457 Impediunt.
584 1391 659 1440 Alii
676 1393 841 1441 ventofis
860 1392 1014 1441 follibus
1035 1412 1137 1440 auras

334 1465 534 1529 Accipiunt
552 1466 807 1529 redduntque:
826 1465 888 1512 alii
915 1463 1099 1511 stridentia
1121 1464 1268 1527 tingunt

336 1544 422 1585 AEra
442 1540 534 1585 lacu.
557 1540 682 1585 Gemit
703 1539 882 1603 impositis
901 1538 1096 1584 incudibus
1116 1554 1271 1584 antrum.

335 1610 394 1656 Illi
413 1610 507 1657 inter
525 1611 602 1657 sese
620 1612 733 1657 multa
751 1611 788 1656 vi
808 1609 956 1656 brachia
974 1610 1112 1656 tollunt

336 1688 377 1731 In
397 1704 587 1731 numerum
602 1721 614 1739 ‚
636 1686 853 1748 versantque
871 1684 992 1731 tenaci
1012 1682 1157 1747 forcipe
1176 1682 1332 1730 massam.

403 1762 493 1811 Haec
512 1774 615 1823 pater
636 1759 768 1805 AEoliis
790 1773 969 1823 properat
989 1758 1075 1804 dum
1095 1757 1267 1804 Lemnius
1290 1756 1366 1805 oris
1384 1791 1398 1812 .,

337 1832 548 1877 Evandrum
568 1847 612 1877 ex
630 1830 760 1876 humili
778 1830 877 1877 tesso
899 1830 961 1876 lux
979 1829 1124 1876 suscitat
1141 1830 1232 1876 alma
1245 1867 1258 1885 .,

339 1908 384 1954 Et
407 1904 574 1951 matutini
601 1900 796 1951 volucrum
822 1904 886 1949 sub
915 1903 1076 1949 culmine
1099 1919 1233 1952 cautus.

339 1975 547 2041 Consurgit
566 1977 691 2023 senior
706 2012 717 2030 ,
735 1977 930 2040 tunicaque
949 1974 1137 2022 inducitur
1156 1991 1250 2021 artus
1268 2009 1281 2028 .,

340 2055 386 2098 Et
405 2051 601 2115 Tyrrhena
621 2051 757 2114 pedum
776 2049 977 2096 circumdat
995 2049 1140 2096 vincula
1162 2048 1305 2113 plantis.

338 2129 435 2171 Tum
454 2123 559 2170 lateri
576 2140 687 2188 atque
707 2124 865 2170 humeris
882 2127 1086 2188 Tegeaeum
1105 2121 1262 2186 subligat
1281 2121 1407 2168 ensem
1424 2156 1438 2176 ‚
1455 2136 1457 2139 ’

341 2198 501 2246 Demiffa
519 2200 565 2245 ab
582 2198 675 2244 laeva
694 2197 883 2262 pantherae
905 2212 1007 2261 terga
1027 2212 1260 2259 retorquens.

339 2276 422 2319 Nec
445 2292 521 2318 uon
542 2271 582 2318 ἃ
600 2271 739 2336 gemini
759 2272 927 2318 custodes
944 2270 1074 2316 limine
1091 2270 1135 2315 ab
1153 2268 1230 2315 alto

339 2344 552 2390 Procedunt
579 2344 812 2408 gressumque
830 2362 935 2390 canes
954 2342 1173 2389 comitantur
1195 2339 1360 2387 herilem.

341 2416 508 2480 Hospitis
532 2421 662 2463 AEueae
686 2416 810 2463 sedem
836 2416 875 2463 &
895 2417 1032 2462 secreta
1057 2413 1231 2479 petebat,

342 2492 562 2538 Sermonum
580 2508 724 2537 memor
747 2489 785 2537 ὅ(
805 2488 968 2555 promissi
989 2488 1148 2536 muneris
1162 2523 1173 2541 ‚
1195 2486 1318 2536 heros.

1522 323 1612 456 ἕω

1535 751 1625 788 440

1534 1114 1619 1156 445

1535 1480 1624 1521 450

1533 1844 1616 1890 455

1529 2200 1619 2249 460
