1715 3028
342 175 440 224 374
661 156 1303 204 RVJRGJLJJ

342 271 383 314 ln
403 283 540 330 tergus.
560 269 656 313 Juno
675 264 773 311 vires
791 263 1033 327 animumque
1051 262 1240 310 ministrat.
1615 302 1617 305 .

338 340 453 387 Addit
471 339 602 402 Halym
620 337 794 385 comitem
812 374 823 392 ,
845 339 885 385 δι
903 337 1052 385 confixa
1072 339 1221 403 Phegea
1242 357 1365 404 parma
1382 359 1415 393 32
1468 368 1471 372 v
1516 344 1615 397 >765

336 415 490 475 Ignaros
508 410 641 456 deinde
661 409 698 456 in
717 408 829 457 muris
847 413 1086 474 Martemque
1109 410 1237 457 cientis
1343 432 1345 434 ¹
1369 429 1371 434 ⁴
1607 416 1611 424 '

335 484 638 548 Alcandrumque
659 483 883 547 Haliumque
903 487 1178 547 Noemonaque
1195 483 1471 547 Prytanimque.

334 557 482 617 Lyncea
500 556 715 601 tendentem
733 571 893 609 contra,
915 555 1114 619 sociosque
1133 567 1331 603 vocantem
1347 591 1360 612 ‚

326 626 502 687 ¹Vibranti
524 626 651 690 gladio
673 626 851 673 connixus
868 628 913 673 ab
932 645 1072 691 aggere
1095 627 1226 674 dexter

334 701 527 763 Occupat:
552 699 638 745 huic
655 717 734 747 ,ιιηο
755 699 940 760 dejeEtum
959 699 1167 746 comminus
1186 699 1286 746 istu
1533 710 1624 757 770

335 774 433 816 Cum
452 772 556 835 galea
576 772 694 835 longe
713 772 824 834 jacuit
841 791 961 836 caput.
988 773 1078 819 {nde
1099 773 1257 820 ferarum

334 842 559 890 Vastatorem
579 848 761 908 Amycum
776 881 788 899 .,
809 863 885 907 quo
907 865 982 891 non
1000 845 1152 892 felicior
1167 846 1260 893 alter

331 920 488 980 Ungere
508 918 579 963 tela
599 936 708 964 manu
724 953 737 972 ‚
756 918 970 981 ferrumque
992 935 1129 966 armare
1147 939 1298 966 veneno
1317 941 1329 974 ;

332 992 378 1035 Et
400 989 567 1054 Clytium
586 991 761 1037 AEoliden
777 1026 789 1043 ‚
808 990 848 1037 ἃ
863 991 1019 1037 amicum
1039 991 1200 1037 Crethea
1219 991 1360 1044 Mufis;

333 1060 497 1106 Crethea
514 1060 703 1106 Musarum
728 1060 934 1114 comitem,
957 1061 1016 1107 cui
1036 1061 1194 1107 earmina
1215 1061 1358 1128 semper
1526 1080 1585 1125 77
1595 1077 1619 1120 ς’

332 1136 380 1178 Et
398 1133 546 1179 citharae
566 1132 698 1187 cordi,
720 1133 970 1197 numerosque
990 1133 1182 1180 intendere
1204 1133 1346 1180 nervis:

330 1210 486 1271 Semper
505 1224 652 1269 equos,
673 1225 782 1270 atque
801 1225 897 1252 arma
914 1206 1060 1260 virum,
1079 1206 1295 1271 pugnasque
1314 1182 1476 1254 canebat.

328 1280 496 1325 Tandem
516 1278 714 1332 dufitores
732 1279 854 1324 audita
872 1278 974 1324 caede
995 1279 1144 1326 suorum
1159 1315 1172 1333 .,

330 1354 575 1401 Conveniunt
591 1353 727 1400 Teucri
743 1391 755 1409 .‚
774 1353 991 1400 Mnestheus
1008 1373 1168 1418 acerque
1184 1354 1371 1409 Serestus;

327 1427 561 1490 Palantisque
579 1426 711 1473 vident
730 1427 854 1474 socios
869 1463 881 1481 ,
899 1427 1116 1490 hostemque
1134 1444 1335 1491 receptum.
1356 1466 1357 1469 ,
1522 1436 1613 1483 780

326 1504 373 1546 Et
392 1500 628 1546 Mnestheus:
651 1503 745 1560 Quo
762 1500 897 1551 deinde
918 1501 1041 1562 fugam
1057 1535 1068 1553 ‚
1087 1518 1164 1563 quo
1188 1500 1364 1546 tenditis?
1385 1499 1515 1564 inquit.

323 1576 439 1633 Quos
461 1572 556 1618 alios
574 1590 698 1618 muros
713 1607 725 1625 ‚
745 1590 828 1634 quae
849 1573 920 1635 jam
939 1573 1033 1619 ultra
1055 1572 1191 1618 moenia
1213 1572 1380 1619 habetis?

324 1651 430 1693 Unus
450 1647 567 1693 homo
582 1681 594 1700 ‚
617 1646 657 1692 δε
677 1645 825 1698 vestris,
840 1665 870 1691 ⁴o
892 1645 1014 1699 cives,
1033 1645 1199 1707 undique
1221 1645 1344 1708 septus

322 1723 535 1785 Aggeribus
550 1759 561 1776 ‚
580 1736 692 1767 tantas
712 1721 845 1784 strages
866 1721 1018 1784 impune
1039 1739 1105 1784 per
1120 1720 1248 1765 urbem

323 1794 489 1841 Ediderit
504 1801 516 1839 ?
532 1794 707 1856 juvenum
724 1792 864 1857 primos
885 1807 943 1838 tot
962 1791 1102 1838 miserit
1122 1795 1256 1838 Orco?
1395 1843 1397 1847 v
1519 1799 1604 1852 785

305 1864 414 1916 Non
431 1869 589 1915 infelicis
608 1867 736 1932 patriae
751 1903 763 1922 ,
782 1884 1024 1930 veterumque
1043 1870 1211 1913 Deorum
1226 1902 1238 1919 ,
1590 1870 1593 1875 ’

321 1944 367 1987 Et
384 1940 509 2005 magni
528 1945 658 1987 AEneae
678 1942 810 2003 segnes
827 1940 1053 2002 miseretque
1066 1938 1254 2002 pudetque
1273 1944 1287 1983 ἓ

320 2016 471 2061 Talibus
490 2013 627 2060 accenfi
645 2013 835 2060 firmantur
848 2049 860 2066 .,
881 2013 921 2060 84
937 2015 1082 2077 agmine
1102 2011 1220 2058 denso

322 2088 545 2135 Confistuntt
564 2091 713 2135 Turnus
731 2086 903 2152 paulatim
922 2087 1104 2137 excedere
1123 2105 1246 2151 pugna
1261 2121 1274 2139 ,

320 2165 368 2208 Et
384 2160 538 2207 fiuvium
558 2177 687 2225 petere
701 2195 713 2214 .,
730 2178 771 2206 ac
790 2166 931 2224 partem
947 2195 959 2213 ,
984 2178 1067 2223 quae
1091 2159 1251 2223 cingitur
1267 2159 1376 2205 amni.
1511 2176 1603 2217 790

273 2283 276 2287 Α
320 2235 451 2282 Acrius
473 2235 547 2282 hoc
563 2235 701 2281 Teucri
718 2235 882 2282 clamore
899 2234 1114 2280 incumbere
1130 2251 1266 2296 magno
1283 2269 1296 2287 ‚

319 2310 365 2353 Et
384 2308 593 2371 glomerare
610 2325 780 2352 manum:
802 2325 869 2353 ceu
892 2306 1028 2355 saevum
1049 2306 1151 2356 turba
1169 2296 1321 2352 leonem

321 2383 418 2425 Cum
436 2381 518 2426 telis
537 2381 669 2445 premit
686 2379 860 2434 infenfis3
880 2395 916 2426 at
935 2380 1081 2426 territus
1098 2379 1162 2425 ille
1180 2414 1192 2433 ‚

315 2454 458 2520 Asper,
478 2456 608 2503 acerba
625 2472 731 2503 tuens
744 2490 757 2512 ‚
775 2471 875 2503 retro
896 2454 1016 2511 redit3
1037 2453 1078 2501 &
1094 2471 1215 2517 neque
1240 2471 1344 2519 terga
