1715 3028
305 185 422 233 34.
635 164 1270 213 P.VJRGJL11

305 273 504 328 Mincllls,
527 285 624 336 eque
652 272 748 318 sacra
767 271 942 318 resonant
960 271 1129 319 examina
1149 291 1299 336 quercu-

304 344 412 406 Quid
432 344 615 391 facerem?
633 362 755 408 neque
775 361 850 409 ego
870 343 1083 409 Alcippen,
1104 362 1173 391 nec
1187 344 1381 409 Phyllida,
1399 312 1598 402 habebam‚'

306 417 495 483 Depulsos
515 437 534 464 a
553 417 646 463 lafile
666 416 771 464 domi
791 435 875 480 quae
892 417 1082 464 clauderet
1099 435 1247 481 agnos:
1538 435 1587 477 15

307 496 354 540 Et
373 509 559 540 certamen
578 506 677 546 erat,
708 491 896 556 Corydon
914 509 997 537 cum
1013 490 1197 556 Thyrside
1211 526 1223 546 ‚
1248 508 1434 556 magnum.

306 566 506 615 Posthabui
526 581 648 613 tamen
666 565 818 612 illorum
836 583 917 612 mea
937 564 1029 612 seria
1049 565 1152 612 ludo.

306 640 473 689 Alternis
492 639 607 705 igitur
626 639 858 688 contendere
876 637 1039 685 verfibus
1064 639 1175 685 ambo

308 718 501 780 Coepere:
530 714 697 760 alternos
719 711 842 758 Musae
860 711 1067 759 meminiffe
1094 711 1288 758 volebant.

307 793 387 837 Hos
407 788 628 853 Corydon,
645 785 733 832 illos
755 785 965 831 referebat
959 804 995 831 in
1022 785 1155 832 ordine
1175 784 1337 850 Thyrsis
1536 800 1596 830 κο

308 880 347 911 c.
368 863 577 929 Nymphae,
600 860 724 908 noster
742 879 869 913 amor,
888 859 1146 914 Libethrides,
1165 874 1228 906 aut
1244 857 1336 905 mihi
1355 873 1501 905 carmen
1521 890 1534 911 ‚

306 939 434 1001 Quale
451 956 538 984 meo
564 935 727 988 Codro
749 932 979 988 concedite;
1009 932 1181 998 proxima
1204 932 1338 980 Phoebi

307 1011 483 1058 Versibus
508 1009 573 1056 ille
593 1007 708 1055 facit·
731 1023 823 1059 aut
842 1006 867 1052 sl
892 1025 967 1053 non
987 1006 1176 1070 poffumus
1197 1024 1327 1053 omnes
1342 1040 1356 1060 ‚

308 1089 380 1133 Hic
397 1100 524 1149 arguta
543 1083 639 1129 sacra
659 1080 840 1146 pendebit
861 1079 976 1126 fistula
998 1079 1102 1144 pinu.

310 1177 348 1206 τ.
368 1158 558 1210 pastores,
580 1157 691 1202 edera
713 1154 941 1201 crescentem
963 1168 1092 1199 ornate
1111 1168 1264 1216 poetam
1544 1170 1566 1195 2
1579 1166 1604 1214 52

311 1231 474 1278 Arcades
487 1266 499 1283 ‚
517 1228 655 1275 invidia
673 1241 890 1290 rumpantur
906 1241 946 1271 ut
965 1224 1027 1270 ilia
1045 1224 1180 1271 Codro
1202 1244 1211 1269 :

313 1306 421 1357 Ant
449 1301 474 1347 fi
494 1299 588 1356 ultra
611 1296 788 1364 placitum
806 1296 993 1350 laudarit,
1019 1296 1175 1342 baccare
1194 1294 1359 1341 frontem

315 1374 496 1440 (fingite,
517 1392 563 1420 ne
581 1371 657 1420 vati
675 1385 810 1418 noceat
829 1370 923 1417 mala
945 1368 1074 1431 lingua
1097 1368 1235 1415 futuro

315 1466 353 1496 c
373 1447 500 1495 Saetofi
525 1460 632 1510 caput
649 1444 724 1491 hoc
743 1443 844 1506 apii,
867 1441 934 1487 tibi
959 1439 1093 1493 Delia,
1111 1457 1245 1504 parvus
1260 1474 1274 1494 ‚

318 1525 364 1568 Et
383 1519 526 1566 ramosa
542 1535 555 1564 t
573 1521 689 1582 lycon
709 1515 847 1561 vivacis
867 1532 1004 1561 cornua
1023 1512 1137 1560 cervi.
1547 1530 1606 1572 30

317 1596 356 1642 Si
375 1594 568 1660 proprium
588 1593 662 1640 hoc
679 1592 789 1638 fuerit
804 1626 816 1645 ‚
836 1589 912 1636 levi
933 1589 980 1635 de
998 1606 1183 1634 marmore
1202 1582 1282 1643 tota

318 1669 487 1716 Puniceo
510 1667 617 1714 stabis
642 1667 738 1713 suras
761 1664 903 1712 evinfihi
924 1661 1125 1710 cothurno.

317 1763 356 1791 T.
378 1744 506 1790 Sinum
520 1743 650 1796 laetis,
669 1741 805 1788 &haec
820 1755 858 1785 te
875 1737 974 1791 liba,
991 1737 1145 1801 Priape,
1169 1735 1364 1799 quotannis

319 1815 542 1880 Exspeflare
561 1814 613 1860 sat
632 1814 706 1860 est·
729 1813 848 1860 custos
866 1829 904 1857 es
923 1808 1097 1874 pauperis
1116 1807 1230 1854 horti.

321 1891 433 1934 Nunc
451 1904 488 1934 te
505 1904 753 1947 marmoreum
772 1903 843 1949 pro
860 1899 1036 1952 tempore
1062 1879 1242 1928 fecimus·
1266 1897 1304 1928 at
1319 1894 1358 1928 ru
1373 1915 1388 1936 ,
1549 1901 1569 1942 3
1585 1901 1609 1947 5¹

320 1960 359 2006 Si
383 1959 518 2006 foetura
538 1975 694 2022 gregem
712 1954 966 2021 suppleverit
983 1972 1113 2002 aureus
1147 1952 1238 2000 esto.
1581 1949 1604 1965 ”

321 2048 360 2078 c.
381 2032 522 2078 Nerine
542 2031 721 2083 Galatea,
740 2029 872 2093 thymo
893 2027 982 2082 mihi
1000 2026 1149 2073 dulcior
1164 2025 1298 2090 Hyblae
1314 2059 1329 2079 ‚

324 2104 533 2151 Candidior
552 2103 679 2169 cycnis
695 2139 707 2158 ‚
735 2103 847 2149 edera
865 2099 1066 2148 formofior
1084 2099 1188 2146 albas
1220 2154 1221 2157 Ἴ

324 2180 422 2223 Cum
441 2176 600 2241 primum
625 2175 713 2240 pasti
733 2190 906 2240 repetent
924 2171 1102 2238 praesepia
1120 2172 1210 2223 tauri
1228 2207 1243 2226 ‚
1603 2227 1606 2230 .

324 2251 362 2297 Si
383 2269 452 2314 qua
469 2250 521 2296 tui
541 2249 760 2314 Corydonis
778 2248 889 2295 habet
907 2263 944 2294 te
965 2264 1050 2293 cura
1063 2281 1076 2301 ‚
1095 2246 1237 2292 venito.
1545 2265 1605 2302 40

324 2341 363 2372 τ.
390 2329 508 2371 Immo
527 2339 602 2388 ego
625 2323 774 2370 Sardois
794 2322 923 2369 videar
942 2321 1007 2368 tibi
1024 2320 1183 2367 amarior
1200 2319 1323 2366 herbis
1340 2356 1354 2376 ‚

320 2396 525 2444 Horridior
541 2395 650 2442 rusco
663 2430 675 2449 ‚
702 2395 869 2459 projefta
886 2394 1000 2441 vilior
1016 2392 1098 2456 alga
1114 2413 1126 2446 ;

326 2469 363 2516 Si
382 2469 472 2517 mihi
491 2487 570 2516 non
590 2468 669 2521 haec
689 2468 751 2514 lux
772 2484 856 2515 toto
876 2468 948 2530 jam
965 2466 1122 2530 longior
1139 2482 1237 2512 anno
1257 2464 1318 2511 est.
