1715 3028
356 200 446 247 142
675 188 730 234 P.
798 176 1301 251 VJRGJgLIJ

348 292 501 358 Accipit
519 293 558 339 in
578 297 749 340 Teucros
767 294 931 340 animum
943 330 955 348 ‚
973 309 1214 358 mentemque
1231 294 1447 359 benignam·

322 372 323 375 ’
412 372 463 416 At
481 369 561 433 pius
582 373 735 422 AEneaS‚
754 386 822 432 per
842 370 992 416 nostem
1011 370 1170 434 plurima
1189 370 1353 417 volvens
1368 407 1382 426 ‚
1551 386 1646 435 305»

348 446 401 489 Ut
421 443 581 508 primum
598 444 659 489 lux
681 443 776 489 alma
796 444 879 489 data
897 444 970 498 est,
993 445 1095 490 exire
1112 465 1122 497 ·‚
1147 443 1331 508 locosque
1351 479 1364 499 ‚

346 515 557 579 Explorate
579 534 704 562 novos
720 551 732 569 7
754 534 842 580 quas
867 531 982 562 vento
1003 515 1193 563 accesserit
1220 535 1324 563 oras:

347 589 429 651 Qui
447 604 600 636 teneant
620 594 732 649 (narn
754 589 892 636 inculta
912 591 1044 650 videt)
1063 590 1309 645 hominesne,
1329 590 1492 646 feraene,

347 667 535 725 Quaerere
556 662 747 710 constituit
761 698 774 718 ‚
793 663 979 728 sociisque
999 664 1125 710 exaEla
1149 663 1302 710 referre.

349 737 512 783 Classem
532 737 568 783 in
587 754 766 782 convexo
792 754 987 783 nemorum
1001 771 1013 790 ,
1035 736 1100 782 sub
1119 755 1210 801 rupe
1232 751 1358 782 cavata
1373 772 1386 790 ‚
1557 754 1575 796 3
1592 755 1649 785 m

347 810 559 858 Arboribus
580 809 738 855 clausam
759 809 896 856 circum
915 826 1026 874 atque
1049 808 1287 856 horrentibus
1310 809 1450 856 umbris
1626 807 1628 810 ’

348 882 518 929 Occulit.
554 881 636 946 Ipse
658 900 735 928 uno
758 881 922 946 graditur
940 880 1139 927 comitatus
1158 880 1329 936 Achate;

348 956 440 1004 Bina
460 976 567 1003 manu
594 957 672 1003 lato
696 955 859 1020 crispans
879 954 1018 1001 hastilia
1041 956 1156 1001 ferro.

349 1032 426 1079 Cui
447 1047 563 1078 mater
580 1030 700 1076 media
719 1029 797 1075 sese
818 1028 903 1075 tulit
924 1028 1036 1075 obvia
1056 1027 1144 1073 silva
1157 1063 1170 1080 ‚

353 1105 524 1170 Virginis
547 1124 589 1152 os
611 1104 853 1166 habitumque
876 1120 1008 1167 gerens
1022 1137 1034 1155 ‚
1054 1101 1094 1148 ὅ(
1112 1099 1266 1163 virginis
1290 1118 1387 1146 arma
1561 1118 1580 1158 3
1598 1117 1646 1162 ¹5
1683 1102 1687 1104 ’

353 1182 564 1242 Spartanae:
584 1178 647 1223 vel
670 1177 787 1240 qualis
812 1194 933 1239 equos
952 1174 1120 1221 Thre'r'ffa
1145 1173 1273 1237 fatigat
1467 1230 1471 1236 ,

350 1249 589 1314 Harpalyce,
608 1248 882 1311 volucremque
900 1247 987 1312 fuga
1006 1246 1243 1311 praevertitur
1259 1246 1436 1292 Hebrum.

352 1325 527 1387 Namque
546 1321 710 1368 humeris
729 1321 775 1367 de
794 1340 901 1368 more
920 1320 1083 1367 habilem
1106 1319 1345 1384 suspenderat
1361 1336 1488 1366 arcum

350 1395 533 1442 Venatrix
549 1431 562 1449 ‚
583 1395 813 1458 dederatque
831 1413 976 1440 comam
994 1392 1205 1440 diffundere
1225 1392 1348 1439 ventis
1366 1414 1378 1447 ;

353 1470 467 1521 Nuda
489 1486 588 1533 genu
603 1504 615 1522 ‚
634 1468 818 1530 nodoque
837 1466 933 1513 finus
953 1466 1114 1512 colleE‘ffi
1138 1464 1303 1511 fluentis.
1556 1484 1575 1523 3
1590 1485 1646 1512 20

349 1546 408 1589 Ac
426 1542 555 1605 prior,
573 1544 697 1595 Heus,
715 1540 859 1603 inquit,
877 1540 1035 1604 juvenes
1051 1576 1063 1593 ‚
1082 1539 1281 1585 monstrate
1304 1556 1468 1585 mearum

349 1612 501 1659 Vidistis
520 1612 546 1657 fi
569 1631 676 1676 quam
695 1611 755 1657 hic
773 1628 956 1657 errantem
974 1611 1073 1657 forte
1097 1610 1272 1656 sororum
1287 1646 1299 1664 ‚

350 1685 583 1732 SuccinRam
602 1684 772 1749 pharetra
791 1684 831 1730 St
850 1683 1052 1730 maculosae
1072 1683 1241 1748 tegmine
1261 1684 1382 1749 lyncis
1395 1720 1408 1739 ‚

353 1760 431 1804 Aut
449 1757 646 1822 spumantis
669 1756 748 1821 apri
765 1756 910 1803 cursum
930 1756 1094 1802 clamore
1114 1772 1360 1820 prementem.

354 1830 417 1876 Sic
433 1833 586 1884 Venus3
606 1829 646 1876 &
665 1829 825 1876 Veneris
845 1844 976 1876 contra
996 1828 1044 1875 sic
1063 1829 1160 1875 filius
1180 1829 1305 1875 orsus:
1552 1847 1637 1891 325

357 1904 474 1952 Nulla
492 1920 634 1951 tuarum
651 1904 772 1951 audita
792 1903 884 1950 mihi
912 1922 1035 1967 neque
1055 1903 1131 1949 visa
1151 1904 1344 1958 sororum,
1642 1893 1645 1895 ⁵

353 1982 393 2026 O
414 1998 524 2044 quam
543 1995 580 2027 te
598 1986 830 2026 memorem?
849 1980 988 2044 virg03
1010 1998 1168 2044 namque
1189 1979 1285 2026 haud
1302 1979 1369 2026 tibi
1390 1980 1517 2028 voltus

351 2053 531 2101 Mortalis
549 2090 561 2108 ‚
582 2073 651 2101 nec
669 2074 747 2101 vox
766 2053 959 2101 hominem
981 2055 1088 2101 sonat
1105 2076 1116 2109 3
1149 2075 1172 2101 o
1191 2057 1270 2100 Dea
1290 2069 1390 2101 certe
1406 2076 1419 2109 3
1476 2101 1478 2104 Α

354 2131 416 2174 An
435 2127 570 2174 Phoebi
593 2128 702 2175 soror
715 2163 728 2183 .‚
748 2147 792 2174 an
813 2127 1073 2192 Nympharum
1093 2125 1277 2191 sanguinis
1297 2145 1368 2173 una
1386 2135 1400 2173 ?

356 2199 412 2246 Sis
430 2200 519 2247 felix
534 2236 547 2255 ‚
567 2201 808 2264 nostrumque
826 2201 930 2247 leves
954 2217 1186 2263 quaecnnque
1204 2199 1397 2245 laborem:
1556 2217 1576 2260 3
1591 2219 1647 2260 30

356 2276 404 2318 Et
422 2289 498 2334 quo
519 2274 584 2320 sub
604 2274 706 2320 coelo
728 2274 875 2320 tandem
888 2309 899 2328 ‚
925 2273 1057 2337 quibus
1078 2271 1178 2319 orbis
1196 2271 1232 2317 in
1252 2271 1328 2318 oris

357 2344 535 2392 lattemur
549 2382 561 2400 .,
579 2347 729 2393 doceas.
767 2346 891 2411 Ignari
911 2346 1180 2408 hominumque
1201 2345 1453 2408 locorumque

360 2418 550 2472 ErramUS‚
568 2433 684 2465 vento
708 2419 778 2465 huc
804 2419 845 2466 ὅ(
863 2418 970 2464 vastis
991 2418 1160 2464 fluffibus
1181 2417 1260 2462 asli.

359 2491 485 2537 Multa
504 2491 572 2538 tibi
592 2508 676 2539 ante
695 2512 772 2540 aras
799 2493 921 2540 nostra
943 2493 1048 2539 cadet
1066 2492 1181 2539 hostia
1202 2493 1343 2542 dextra,
