1715 3028
339 135 432 198 362.
675 139 732 183 P.
805 137 1318 182 VJRGJLJ]

338 243 491 289 Fallacis
509 243 610 288 filvae
626 278 637 296 ,
653 241 756 288 fimul
778 242 818 289 δι
838 241 991 306 vestigia
1010 258 1112 288 retro

341 318 549 364 Observata
569 315 690 381 legit,
711 316 907 380 dumisque
925 316 1117 363 silentibus
1141 334 1246 364 errat.

339 391 455 437 Audit
473 409 593 454 equos
607 425 619 443 ‚
638 390 740 435 audit
760 390 930 455 strepitus
945 427 958 445 ‚
979 390 1020 437 &
1039 389 1140 454 signa
1159 390 1394 454 sequentum.

337 469 420 511 Nec
439 466 599 529 longum
618 464 655 510 in
675 464 801 511 medio
821 479 991 528 tempus;
1018 482 1100 510 cum
1121 464 1262 510 clamor
1279 462 1325 509 ad
1343 460 1438 509 auris

339 539 515 586 Pervenit
532 576 544 593 ,
564 558 610 586 εις·
625 539 718 585 vidit
738 539 960 603 Euryalum:
985 557 1095 602 quem
1115 538 1186 600 jam
1206 555 1330 583 manus
1355 535 1476 596 omnis

339 615 481 660 Fraude
501 614 580 661 loci
605 613 643 661 &
664 613 783 659 nnffis
798 649 811 666 ‚
829 613 950 660 subito
971 613 1144 659 turbante
1163 613 1322 659 tumultu
1336 608 1355 667 ‚¹

342 687 569 751 Oppressum
591 686 710 751 rapit,
727 686 767 733 &
787 702 985 733 conantem
1004 686 1161 751 plurima
1178 686 1317 733 frustra.

341 761 448 822 Quid
464 760 596 807 faciat?
621 780 693 824 qua
710 761 746 806 vi
764 761 939 822 juvenem
955 797 967 815 ‚
986 761 1119 825 quibus
1141 760 1273 808 audeat
1289 758 1398 806 armis

346 834 502 899 Eripere
518 843 531 880 ἓ
550 853 594 880 an
615 835 692 881 sese
710 834 856 881 medios
874 836 1075 881 moriturus
1099 834 1133 880 in
1155 834 1263 881 enses

340 908 480 955 Inferat
494 943 506 960 .,
525 906 566 954 ὅ(
581 908 772 972 pulchram
791 924 972 972 properet
992 926 1059 971 per
1077 908 1235 954 volnera
1254 913 1438 954 mortem?

344 980 461 1027 Ocius
483 981 643 1027 adducto
663 998 845 1044 torquens
868 980 994 1026 hastile
1015 980 1182 1034 lacerto,

341 1054 554 1118 Suspiciens
573 1056 685 1101 altam
701 1057 839 1100 Lunam
857 1052 937 1107 yslc
955 1072 1053 1100 voce
1073 1070 1243 1118 precatur
1261 1076 1271 1100 z

340 1129 401 1172 Tu
418 1163 430 1181 ‚
451 1131 531 1173 Dea
546 1163 557 1179 ‚
577 1143 614 1172 tu
633 1127 794 1190 praesens
814 1126 940 1172 nostro
962 1126 1135 1173 succurre
1152 1128 1274 1174 labori
1292 1164 1305 1182 ‚

342 1199 536 1246 Astrorum
562 1201 674 1247 decus
689 1235 699 1254 ‚
719 1199 759 1247 ἃ
787 1218 984 1246 nemorum
1003 1200 1156 1246 Latonia
1186 1201 1334 1255 custos;

345 1271 383 1316 Si
401 1290 472 1335 qua
492 1272 563 1319 tuis
588 1291 751 1336 unquam
768 1290 838 1336 pro
865 1290 924 1318 me
945 1287 1049 1336 pater
1067 1275 1252 1336 Hyrtacus,
1265 1273 1335 1319 aris

347 1348 461 1392 Dona
480 1346 589 1400 tulit⁷
608 1346 632 1392 fi
655 1365 726 1410 qua
745 1346 822 1411 ipse
847 1346 940 1393 meis
962 1347 1154 1392 venatibus
1174 1346 1283 1402 auxi,

346 1419 581 1484 Suspendive
602 1420 712 1467 tholo
730 1456 742 1474 ‚
768 1439 830 1466 aut
847 1421 947 1467 sacra·
964 1420 1008 1466 ad
1027 1420 1167 1481 fastigia
1191 1419 1253 1465 fixi
1272 1440 1285 1473 ·‚

347 1496 458 1539 Hunc
477 1493 553 1540 fine
572 1514 632 1541 me
649 1496 795 1540 turbare
813 1495 968 1558 globum
984 1528 996 1543 ,
1016 1492 1056 1539 &
1075 1510 1164 1555 rege
1182 1492 1256 1540 tela
1275 1509 1343 1555 per
1360 1507 1475 1536 auras.

345 1564 524 1611 Dixerat:
551 1565 590 1611 &
610 1581 695 1612 toto
716 1566 896 1613 connixus
919 1583 1083 1628 corpore
1103 1563 1241 1609 ferrum

346 1637 530 1700 Conjicit.
551 1639 656 1684 Hasta
673 1638 807 1684 volans
826 1637 945 1684 noffis
963 1637 1176 1682 diverberat
1192 1636 1339 1682 umbras
1353 1668 1373 1689 ,ἡ

348 1713 395 1756 Et
412 1710 514 1756 venit
533 1709 674 1756 adverst
694 1710 730 1755 in
752 1725 899 1773 tergum
919 1708 1107 1755 Sulmonis
1122 1743 1135 1762 ‚
1157 1708 1288 1772 ibique

346 1784 543 1848 Frangitur
556 1821 568 1838 ‚
585 1803 629 1831 ac
649 1785 729 1832 ftffo
748 1784 873 1831 transit
892 1783 1099 1848 praecordia
1117 1783 1238 1848 ligno.

347 1856 527 1903 Volvitur
549 1856 614 1903 ille
637 1875 794 1904 vomens
813 1856 973 1902 calidum
991 1856 1037 1901 de
1056 1855 1211 1919 pe&ore
1232 1855 1372 1901 flumen

346 1929 519 1994 Frigidus
535 1965 546 1984 ,
565 1929 747 1994 &longis
765 1928 988 1994 fingultibus
1006 1928 1068 1974 ilia
1082 1928 1213 1992 pulsat.

348 2002 495 2050 Diverfi
518 2002 829 2067 circumspiciunt.
850 2005 934 2048 Hoc
951 2000 1073 2048 acrior
1091 2001 1191 2048 idem

348 2080 448 2123 Ecce
467 2076 568 2123 aliud
588 2076 724 2124 summa
745 2075 860 2122 telum
879 2074 1036 2121 librabat
1053 2075 1098 2120 ab
1116 2092 1230 2127 aure3

347 2154 447 2197 Dum
469 2149 680 2214 trepidant,
700 2148 741 2194 iit
764 2148 859 2193 hasta
876 2151 985 2212 Tago
1008 2165 1074 2211 per
1093 2163 1238 2210 tempus
1261 2160 1459 2208 utrumque

344 2224 510 2271 Stridens
528 2260 539 2278 ‚
564 2223 798 2286 trajectoque
817 2220 917 2268 haefit
937 2221 1115 2285 tepefacta
1132 2219 1302 2265 cerebro.

349 2298 463 2344 Saevit
480 2313 587 2345 atrox
604 2296 790 2343 Volscens
804 2332 816 2349 ,
838 2314 906 2341 nec
924 2294 989 2341 teli
1010 2291 1194 2357 conspicit
1209 2290 1362 2354 usquam

350 2372 557 2418 Auitorem
574 2407 587 2425 ‚
613 2389 681 2416 nec
701 2388 780 2433 quo
802 2369 839 2416 se
861 2369 990 2415 ardens
1013 2366 1210 2413 immittere
1230 2366 1351 2429 possit.

350 2447 412 2490 Tu
431 2459 553 2491 tamen
573 2444 714 2491 interea
737 2442 860 2490 calido
879 2441 970 2488 mih-i
991 2438 1169 2504 sanguine
1192 2456 1323 2502 poenas

1544 477 1628 520 395

1546 851 1638 901 409

1550 1215 1637 1259 405

1550 1579 1641 1615 410

1554 1944 1640 1988 41‘5

1551 2307 1642 2344 42⁰
