1715 3028
474 149 1047 197 BUCOLJGA..
1347 159 1403 207 η

276 279 757 328 DAPHNIS.
816 279 1276 331 Remmiam>

429 391 1084 434 ARGUMENTUM.

103 497 225 538 Etiam
238 497 276 535 in
287 496 393 551 hujus
405 498 552 551 eclogae
566 498 739 551 allegoria
753 497 999 551 exsculpenda
1011 491 1268 539 moleffifuere
1283 498 1322 539 &
1336 512 1405 551 pu·-

157 560 223 597 tidi
238 561 463 612 interpretes.
480 558 521 597 In
537 557 737 610 Daphnide
747 559 911 611 plerique
927 559 1063 611 Julium
1077 559 1293 607 Caesarem,
1309 559 1409 613 ejus-2

159 638 231 677 que
245 638 374 663 necem
391 624 432 663 &
446 622 663 675 apotheosin
676 624 695 673 (
705 637 743 661 v.
759 621 865 676 supra
883 623 931 661 ad
945 625 1065 675 712.)
1077 655 1091 671 ,
1110 624 1272 663 nonnulii
1289 655 1302 670 ,
1328 622 1409 676 jam

159 704 206 728 ex
237 688 500 741 antiqifioribus
522 718 534 736 ‚
563 687 733 726 Maronis
766 687 918 727 fratrem
945 688 1121 728 Flaccum
1138 719 1151 735 ,
1181 692 1272 727 mox
1295 689 1413 727 etiam.

161 751 408 803 Quinctilium
424 750 714 791 Cremonensem
728 782 739 799 ‚
759 749 838 790 five
854 752 965 790 etiam
976 750 1220 803 Quinffih'um
1230 751 1377 789 Varum
1394 781 1409 799 ‚

158 814 247 852 item
270 813 508 860 Saloninum,
529 813 706 852 Pollionis
730 812 867 860 filium,
885 813 1145 866 quaesiverunt
1162 829 1173 862 3
1190 825 1230 852 ut
1255 811 1410 852 Catroei

160 876 388 930 aliorumque
404 876 542 917 somnia
559 889 716 916 taceam.
741 876 864 929 Quod
881 876 906 915 fi
924 877 1093 930 alt-iorem
1104 908 1116 926 ,
1141 892 1254 930 quam
1271 877 1409 917 verbo-

159 953 243 978 rum
260 941 354 979 ratio
367 940 459 990 fert,
482 941 697 980 sententiam
721 932 974 993 quaerendam
989 951 1093 993 putes
1109 971 1122 987 ‚
1149 940 1196 978 ad
1211 939 1408 980 Caesarem

160 1011 200 1039 ut
213 1000 347 1041 referas
356 1032 370 1049 ‚
383 1002 500 1041 feram
516 1003 687 1056 equidem
694 1018 707 1052 3
722 1002 813 1041 nihil
825 1013 950 1040 tamen
965 1003 1057 1041 mihi
1072 1001 1168 1040 aliud
1186 1004 1296 1055 poe'ta
1311 1001 1410 1055 spec·

160 1063 248 1103 taffe
265 1065 386 1105 videri
396 1065 540 1119 potest,
558 1080 671 1119 quam
689 1079 727 1105 ut
746 1065 966 1105 Theocritei
982 1064 1135 1118 IdylliiI
1154 1066 1196 1105 &
1208 1065 1303 1105 XIX
1317 1066 1409 1104 imi-

158 1129 338 1168 tationem
353 1129 556 1175 exhiberet,
574 1130 616 1168 ὅ(
627 1140 667 1168 ut
680 1128 822 1182 Ecloga
838 1130 944 1168 tertia
960 1128 1052 1167 duos
1067 1127 1232 1181 pastores
1248 1143 1269 1167 a
1284 1129 1411 1167 convi-

161 1190 224 1228 ciis
242 1189 291 1228 ad
315 1201 464 1229 cantum
482 1189 688 1243 progressos
701 1220 712 1237 ‚
731 1191 781 1227 ita
800 1191 837 1228 h.
858 1190 883 1228 1.
906 1191 1017 1243 idque
1041 1191 1157 1230 multo
1181 1191 1377 1245 elegantius
1392 1222 1406 1238 ,

163 1252 239 1292 duo
254 1252 343 1292 alios
356 1251 517 1306 pastores
539 1267 559 1291 a
574 1252 708 1290 mutuis
725 1250 891 1294 laudibus
912 1252 960 1290 ad
979 1263 1104 1290 cantus
1117 1263 1302 1291 certamen
1317 1267 1409 1305 pro-

163 1312 333 1351 cedentes
364 1311 565 1351 induceret.
595 1311 781 1351 Carminis
809 1323 1068 1365 argumentum
1094 1312 1174 1350 sunt
1197 1312 1410 1365 Daphnidis

161 1372 312 1420 laudes,
337 1373 461 1412 nobile
486 1373 585 1412 haud
608 1372 718 1411 dubie
743 1373 781 1410 in
803 1372 955 1425 vetustis
978 1375 1196 1413 carminibus
1216 1374 1410 1428 pastoritiis

162 1446 446 1489 argumentum,
470 1446 510 1473 ut
528 1450 574 1474 ex
594 1433 776 1473 nonnullis
800 1433 1008 1482 Theocriti,
1033 1436 1197 1487 inprimis
1212 1436 1351 1489 Idyffl
1367 1437 1408 1475 ὃς

161 1495 240 1536 VII
264 1496 354 1535 locis
377 1492 537 1550 apparet.
565 1495 628 1535 De
655 1495 855 1548 Daphnide
881 1510 922 1536 v.
945 1495 1108 1534 Diodor.
1139 1496 1194 1535 IV
1215 1527 1226 1545 ,
1256 1496 1335 1545 84,
1367 1497 1409 1536 &

96 1603 102 1605 ξ
159 1556 300 1600 Elian.
325 1559 377 1598 V.
392 1560 443 1601 H.
456 1560 515 1609 X,
542 1559 614 1606 18,
639 1559 680 1598 &
695 1558 746 1596 ibi
761 1558 881 1611 Intpp.
904 1557 951 1598 cf.
972 1557 1078 1597 Silius
1089 1558 1167 1599 Ital.
1180 1558 1303 1606 XIV,
1329 1558 1409 1609 466

161 1619 241 1673 sqq.
257 1620 434 1660 Dorvillii
452 1621 573 1661 Sicula
589 1636 627 1674 p.
653 1635 702 1672 27
718 1620 796 1673 sqq.
825 1620 898 1659 Sed
913 1619 1034 1659 noster
1054 1635 1137 1660 earn
1157 1622 1348 1661 materiam
1361 1622 1412 1661 ita

160 1683 332 1723 traciavit
343 1715 357 1731 ‚
378 1686 524 1724 ornavit
543 1685 585 1724 &
600 1683 843 1738 amplificavit
855 1714 869 1731 ,
884 1695 924 1722 ut
936 1683 1154 1738 generosum
1170 1687 1301 1737 poe'tae
1316 1685 1411 1738 epici

161 1745 329 1799 spiritum
349 1747 454 1787 facile
491 1749 529 1786 in
553 1762 598 1786 eo
622 1747 796 1801 agnose-as
816 1778 828 1796 ‚
859 1761 1084 1801 quamquam
1102 1746 1260 1802 singulae
1289 1764 1412 1789 rerum

164 1808 342 1860 imagines
371 1809 412 1847 &
434 1807 659 1847 chara&eres
688 1823 735 1847 ex
759 1808 1087 1862 antiquissimorum
1117 1812 1320 1850 carminum
1347 1814 1412 1851 in-

163 1869 249 1907 dole
270 1870 312 1908 &
335 1869 458 1908 colore
480 1870 575 1908 ducii
590 1870 681 1910 sunt.
706 1871 826 1911 Locus
840 1903 853 1919 ,
879 1873 916 1910 in
944 1887 1018 1926 quo
1039 1873 1074 1912 se
1094 1874 1322 1912 conveniunt
1346 1889 1413 1927 pa-

165 1930 280 1970 stores
301 1961 314 1978 ,
349 1930 472 1971 statim
496 1932 542 1970 ab
571 1933 676 1971 initio
703 1947 839 1987 magna
867 1948 952 1973 cum
980 1935 1159 1976 suavitate
1183 1936 1412 1979 describitur.

167 1993 331 2034 Carmen
354 1994 401 2033 ad
432 2008 567 2033 annum
596 2009 675 2046 712
709 1994 834 2034 referri
858 1995 962 2048 poffe
986 1998 1145 2040 videtur.
1172 1999 1273 2038 Vide
1293 2001 1412 2038 Vnam

172 2056 318 2109 Vzrgilzi
333 2056 368 2096 h.
387 2071 419 2096 a.
435 2057 645 2097 Imitatione
660 2057 800 2098 secutus
816 2057 869 2097 est
891 2059 987 2098 hanc
1002 2059 1183 2115 Eclogam
1197 2061 1334 2115 Popius
1342 2062 1413 2104 Pa-

167 2115 255 2157 stor.
277 2117 348 2160 IV.
374 2132 486 2171 quem
507 2120 687 2172 nascentes
702 2122 829 2173 pok'tae
846 2134 932 2159 cum
946 2134 988 2159 ea
1007 2121 1244 2165 contendent„⁴

312 2246 1217 2300 MENALCAS‚MOPsUs.

121 2326 231 2445 C
252 2411 283 2440 u
296 2412 327 2440 R
357 2413 436 2441 non
449 2429 461 2448 .,
483 2394 627 2459 Mopse
646 2431 663 2449 ‚
681 2393 777 2442 boni
803 2394 1250 2459 quoniamffconvenimus
1269 2398 1381 2447 amb&

117 2468 176 2514 Tu
194 2466 355 2516 calamos
378 2467 509 2517 inflare
526 2467 620 2516 levjs
635 2504 650 2524 ‚
673 2485 750 2534 ego
771 2467 897 2516 dicere
916 2468 1043 2516 versus
1055 2504 1074 2523 θ

1040 2546 1068 2589 Β
1094 2561 1122 2598 Δ,-
