1715 3028
321 152 384 215 ff
671 154 1282 210 P.V1RGJL11

320 263 447 324 Atque
465 259 604 306 utinam
624 278 669 305 ex
689 259 799 306 vobis
817 277 928 314 unus,
946 260 1130 342 vestrique
1148 260 1290 312 fuiffem

321 336 397 382 Aut
418 334 538 380 custos
557 332 706 397 gregis,
726 349 786 379 aut
807 348 958 383 maturae
976 324 1115 387 vinitor
1134 341 1244 383 uvael

297 411 439 472 ,eCerte
459 409 534 454 {ive
555 407 644 454 mihi
665 406 830 472 Phyllis,
850 407 926 457 five
945 410 1035 457 effer
1054 413 1232 474 Amyntas
1245 445 1260 464 ‚

318 485 393 528 Seu
413 481 625 545 quicunque
644 480 778 536 furor,
795 481 911 546 (quid
930 497 1007 531 tum
1021 518 1033 537 ‚
1050 482 1077 530 fi
1099 484 1219 531 fuscus
1242 489 1447 550 Amyntas?
1473 547 1475 549 ι

320 559 368 603 Et
389 556 508 620 nigrae
528 556 643 603 violae
661 556 767 609 sunt,
787 556 827 605 &
847 557 1013 606 vaccinia
1036 558 1167 624 nigra)

319 635 475 679 Mecum
495 631 589 678 i'nter
610 632 737 679 salices
756 632 855 680 lenta
878 634 943 681 sub
962 635 1039 681 vite
1059 635 1209 698 jaceret.

319 709 423 751 Serta
443 704 533 751 mihi
553 705 693 770 Phyllis
713 706 882 770 legeret,
901 723 1062 754 cantaret
1088 712 1278 772 Amyntas.

318 780 390 824 Hic
409 777 524 841 gelidi
544 778 687 824 fontes:
714 778 773 825 hic
797 777 927 825 mollia
952 795 1050 843 prata
1066 815 1078 833 ‚
1098 779 1238 845 Lycori
1258 800 1268 825 :

321 852 391 897 Hic
409 869 561 898 nemus:
590 851 651 897 hic
669 850 751 915 ipso
773 867 897 899 tecum
916 852 1157 899 consumerer
1176 871 1275 899 aevo.

319 927 431 971 Nunc
450 925 597 972 insanus
618 944 724 972 amor
741 924 824 972 duri
843 945 903 972 me
920 925 1051 973 Martis
1071 925 1108 973 in
1128 926 1260 980 armis,

319 1000 413 1046 Tela
434 998 529 1047 inter
549 998 693 1053 media,
716 1014 827 1063 atque
847 999 1024 1047 adversos
1042 999 1187 1047 detinet
1206 999 1332 1048 hostis.

317 1077 375 1121 Tu
395 1073 528 1137 procul
547 1092 567 1120 a
586 1073 702 1137 patria
723 1076 819 1132 (nec
838 1073 882 1120 fit
901 1073 991 1120 mihi
1010 1074 1195 1137 credere)
1215 1089 1354 1138 tantum

317 1149 491 1212 Alpinas,
510 1148 556 1194 ah
576 1148 665 1194 dura
678 1183 691 1202 ,
710 1148 813 1194 nives
833 1147 1031 1211 &frigora
1049 1147 1170 1193 Rheni

319 1225 388 1268 Me
407 1221 483 1268 fine
503 1221 581 1267 sola
601 1221 717 1266 vides.
754 1220 814 1265 Ah
837 1235 875 1266 te
898 1238 945 1266 ne
965 1220 1108 1284 frigora
1128 1220 1292 1268 laedant!

316 1299 378 1344 Ah
397 1296 463 1342 tibi
484 1314 530 1341 ne
549 1311 693 1342 teneras
715 1294 851 1358 glacies
876 1294 975 1341 secet
995 1294 1122 1358 aspera
1140 1295 1305 1358 plantas!

251 1394 259 1399 ¹
317 1372 409 1425 Ibo,
428 1370 468 1417 ἃ
488 1369 708 1416 Chalcidico
731 1387 814 1432 quae
834 1368 917 1414 sunt
935 1367 1024 1414 mihi
1044 1367 1193 1415 condita
1212 1368 1322 1414 versu

319 1441 493 1491 Carmina
507 1477 519 1494 ‚
537 1441 690 1504 pastoris
710 1439 825 1485 Siculi
844 1439 1070 1486 modulabor
1089 1456 1218 1485 avena.

320 1517 476 1561 Certum
496 1513 546 1560 est
564 1512 598 1558 in
617 1511 715 1558 silvis
729 1546 741 1564 ‚
762 1512 857 1558 inter
877 1510 1014 1573 spelaea
1034 1510 1193 1557 ferarum

319 1586 439 1632 Malle
458 1585 556 1650 pati,
575 1584 792 1648 tenerisque
815 1602 921 1631 meos
945 1583 1110 1630 incidere
1136 1602 1282 1631 amores

319 1659 549 1706 Arboribus:
569 1659 735 1706 crescent
753 1658 849 1705 illae:
880 1657 1074 1712 crescens,
1093 1675 1250 1705 amores-

319 1736 465 1779 Interea
481 1731 602 1778 mixtis
621 1732 781 1779 lustrabo
798 1732 962 1779 Maenala
981 1732 1192 1796 Nymphis:

321 1808 397 1854 Aut
414 1822 515 1850 acres
533 1804 701 1850 venabor
728 1822 849 1868 apros.
879 1823 957 1851 non
978 1823 1036 1851 me
1057 1805 1132 1852 ulla
1151 1805 1331 1852 vetabunt

319 1877 475 1942 Frigora
492 1877 710 1923 Parthenios
730 1877 881 1924 canibus
900 1876 1126 1924 circumdare
1146 1877 1266 1924 saltus.

317 1951 395 1996 Jam
414 1947 503 1994 mihi
522 1967 590 2013 per
607 1967 716 2013 rupes
737 1949 873 1997 videor
888 1983 901 2003 ‚
917 1949 1102 2013 lucosque
1122 1949 1286 1997 sonantis

319 2025 401 2068 Ire:
422 2021 514 2068 libet
530 2021 665 2069 Partho
685 2037 864 2086 torquere
890 2021 1068 2086 Cydonia
1093 2040 1212 2069 cornu

321 2095 471 2160 Spicula
486 2116 497 2150 ;
515 2111 689 2159 tanquam
716 2095 796 2143 haec
816 2095 884 2143 fint
902 2096 1015 2143 nostri
1036 2095 1219 2144 medicina
1240 2096 1398 2151 furoris,

324 2174 398 2216 Aut
415 2172 517 2214 Deus
538 2169 602 2216 ille
627 2169 731 2217 malis
750 2169 945 2217 hominum
971 2170 1163 2218 mitescere
1187 2170 1310 2216 discat.

322 2245 397 2289 Jam
416 2261 535 2305 neque
553 2243 828 2308 Hamadryades
846 2243 1007 2298 rursum,
1027 2262 1096 2290 nec
1113 2244 1272 2290 carmina
1289 2243 1397 2292 nobis

324 2314 403 2377 Ipsa
424 2315 571 2378 placent
592 2336 601 2360 :
624 2315 713 2379 ipsae
739 2317 879 2365 rursum
903 2317 1100 2364 concedite
1122 2315 1237 2363 filvae.

328 2388 418 2432 Non
436 2386 539 2432 illum
558 2388 671 2435 nostri
690 2389 837 2452 poffunt
853 2406 993 2437 mutare
1009 2389 1180 2436 labores:

327 2462 409 2509 Nec
428 2460 454 2508 'fi
472 2461 672 2526 frigoribus
690 2463 820 2511 mediis
841 2466 1079 2528 Hebrumque
1099 2464 1296 2519 bibamus4

1540 278 1612 344 π·

1546 1017 1602 1061 45

1553 1388 1677 1431 50.

1549 1752 1601 1795 55

1502 2105 1603 2146 '60
