1715 3028
297 120 919 199 AENEJDOSLJB.
959 152 1088 200 VII.
1255 166 1344 213 321

48 259 245 307 Occiderit
261 296 273 314 ‚
291 260 498 324 patriasque
519 259 679 325 explerit
699 260 876 325 sanguine
897 279 1028 326 poenas

47 335 220 381 Turbatis
237 334 423 381 distrafitus
444 334 550 399 equis
565 371 578 389 .,
598 335 643 381 ad
664 334 779 381 fidera
799 334 921 380 rursus

48 407 217 456 AEtheria
234 408 274 455 &
296 407 443 473 superas
461 408 550 455 coeli
568 407 707 455 veniffe
725 407 791 454 sub
811 426 914 454 auras
936 442 949 460 ‚

49 485 212 539 Paeoniis
231 501 450 532 revocatum
470 483 592 531 herbis
614 484 653 531 84
672 501 802 530 amore
818 484 962 530 Dianae.

49 560 148 604 Tum
162 577 265 622 pater
286 559 527 622 omnipotens
543 593 556 611 ,
573 556 737 620 aliquem
756 557 969 622 indignatus
986 558 1031 605 ab
1049 557 1187 605 umbris
1258 576 1352 616 770

50 633 259 678 Mortalem
275 632 427 678 infernis
451 633 497 677 ad
516 631 654 677 lumina
673 629 826 696 surgere
844 632 932 679 vitae
945 668 958 687 ‚

51 706 136 771 Ipse
157 723 393 771 repertorem
415 706 613 753 medicinae
633 707 715 753 talis
736 708 776 754 δε
795 706 882 754 artis

52 784 80 826 F
85 780 226 828 ulmine
247 781 515 845 Phoebigenam
536 781 683 845 Stygias
703 779 855 828 detrusit
871 782 907 828 in
926 781 1055 829 undas,

55 857 107 901 At
125 853 254 900 Trivia
270 853 524 918 Hippolytum
543 854 691 901 secretis
707 856 802 902 alma
820 856 996 904 recondit

56 925 213 973 Sedibus
229 962 241 981 ‚
269 926 310 974 <St
327 928 503 993 nymphae
523 925 670 995 Egeriae
695 929 920 993 nemorique
942 930 1111 995 relegat:
1256 948 1345 992 ¹775

58 1000 167 1046 Solus
188 1001 252 1046 ubi
275 1000 313 1046 in
335 1000 433 1047 filvis
451 1002 548 1048 Italis
570 1002 749 1066 ignobilis
770 1006 910 1049 aevum

57 1075 259 1140 Exigeret‚
272 1075 462 1139 versoque
480 1075 543 1121 ubi
561 1075 714 1121 nomine
730 1075 880 1122 Virbius
900 1075 1002 1123 effer.

59 1152 172 1197 Unde
189 1150 301 1197 etiam
321 1151 465 1216 templo
482 1150 624 1197 Triviae
642 1150 810 1214 lucisque
831 1150 976 1198 sacraris

60 1226 301 1290 Cornipedes
317 1241 490 1272 arcentur
506 1224 619 1289 equi3
638 1227 743 1289 quod
764 1224 878 1273 litore
896 1243 1044 1273 currum

62 1299 108 1342 Et
128 1297 305 1359 juvenem
322 1297 492 1345 monstris
510 1298 636 1362 pavidi
660 1299 828 1346 effudere
844 1298 1006 1346 marinis.
1266 1301 1359 1353 780

62 1371 177 1418 Filius
193 1372 355 1419 ardentis
379 1372 476 1418 haud
496 1372 613 1419 secius
631 1393 787 1437 aequore
809 1375 927 1438 campi

61 1445 270 1491 Exercebat
290 1463 409 1508 equos
424 1480 436 1499 ,
455 1464 639 1509 curruque
662 1445 700 1492 in
720 1446 820 1493 bella
837 1446 978 1493 ruebat.

127 1516 208 1580 Ipse
229 1516 327 1563 inter
345 1516 486 1581 primos
504 1518 685 1582 praestanti
704 1538 868 1583 corpore
889 1523 1036 1565 Turnus

61 1589 231 1637 Vertitur
249 1609 347 1637 arma
366 1609 499 1638 tenens
514 1628 526 1646 ,
551 1591 693 1639 &toto
712 1594 855 1639 vertice
875 1593 980 1657 supra
998 1592 1063 1639 est.

66 1665 141 1711 Cui
160 1665 298 1729 triplici
317 1664 448 1711 crinita
464 1666 549 1728 juba
567 1666 673 1730 galea
691 1667 762 1712 alta
779 1665 1005 1713 Chimaeram
1265 1673 1355 1730 785

68 1740 228 1787 Sustinet
242 1775 254 1793 a
276 1743 445 1786 AEtnaeos
463 1740 648 1786 efflantem
665 1740 829 1786 faucibus
850 1739 958 1804 ignis.

67 1817 162 1861 Tam
181 1812 298 1877 magis
315 1812 378 1858 illa
394 1812 555 1859 fremens
571 1848 583 1867 ‚
602 1811 643 1860 Sc
661 1812 818 1859 tristibus
841 1813 955 1860 effera
974 1812 1130 1860 flammis
1144 1848 1159 1869 .‚

31 1927 33 1930 ,
68 1890 195 1948 Quam
213 1884 329 1949 magis
351 1885 472 1931 effuso
490 1885 709 1931 crudescunt
727 1884 906 1949 sanguine
920 1904 1071 1951 pugnae.

74 1969 124 2010 At
142 1963 275 2008 laevem
296 1959 458 2024 clipeum
478 1959 625 2006 sublatis
642 1958 818 2006 cornibus
837 1964 880 2006 Io

74 2043 179 2082 Auro
197 2033 419 2098 insignibat,
438 2034 509 2096 jam
530 2032 625 2079 saetis
650 2031 766 2079 obfita
784 2068 797 2086 .,
824 2033 895 2095 jam
913 2032 1009 2087 hm,
1275 2049 1370 2095 790

17 2119 20 2122 ’
71 2117 345 2173 Argumentum
363 2106 496 2171 ingens
512 2143 524 2161 ‚
549 2106 590 2153 ἃ
606 2106 724 2153 custos
741 2106 895 2170 virginis
915 2110 1036 2170 Argus
1051 2141 1065 2161 ‚

72 2183 291 2245 Caelataque
313 2198 459 2227 amnem
478 2180 638 2226 fundens
660 2196 764 2244 pater
781 2179 935 2225 Inachus
954 2198 1056 2226 urna„

73 2255 286 2319 Insequitur
304 2255 449 2301 nimbus
464 2253 632 2318 peditum
649 2291 662 2307 ‚
689 2253 924 2318 clipeataque
952 2254 1043 2301 totis

34 2328 38 2329 ⁷
77 2328 242 2394 Agmina
259 2327 456 2375 densentur
475 2327 613 2392 campis
625 2363 638 2381 .,
656 2327 872 2391 Argivaque
894 2327 1010 2391 pubes
1025 2363 1040 2382 ‚

78 2406 340 2465 Auruncaeque
359 2420 484 2447 manus
499 2437 512 2456 ‚
527 2399 654 2447 Rutuli
669 2436 682 2454 ,
701 2398 922 2463 veteresque
943 2398 1061 2448 Sicani
1079 2433 1095 2455 2
1279 2421 1365 2466 795

80 2480 127 2523 Et
149 2479 318 2522 Sacranae
339 2475 435 2521 acies
450 2511 462 2529 .,
482 2474 523 2522 Sc
542 2474 632 2541 piffi
652 2475 751 2522 scuta
769 2473 916 2522 Labici:

190 2552 393 2614 Virgilius
419 2552 469 2599 T.
487 2551 523 2600 I,
1087 2551 1125 2597 X
