1715 3028
282 191 313 233 4

612 177 665 221 P.
740 171 1241 223 VIRGILII

337 283 430 322 inter
443 296 531 336 quas
543 281 675 335 Capua
688 313 700 329 ,
717 282 905 337 Rhegium
917 314 928 331 ‚
944 280 1107 322 Venusia
1119 313 1132 329 ,
1149 282 1404 321 Beneventum
1420 311 1432 330 ‚
1457 279 1584 321 Nuce·-

337 346 389 382 riss
403 376 414 391 ,
439 344 649 384 Ariminum
664 345 898 403 ‚.Vibona&
912 345 1101 386 Cremona
1116 355 1368 404 memorantur
1378 375 1392 396 2
1404 344 1583 419 promise·
1618 368 1619 376 κ

338 420 440 457 runt3
459 408 495 449 h.
512 423 542 448 e.
556 410 820 461 receperuntin
832 409 887 460 se,
910 410 944 449 se
959 425 1042 459 eos,
1059 409 1156 448 bello
1173 409 1326 448 feliciter
1339 408 1507 447 confeeio
1519 439 1530 456 ‚
1544 409 1582 446 in

338 470 414 508 illas
429 471 550 519 urbes,
563 483 736 525 tanquam
752 473 932 523 colonias,
947 474 1180 520 decl116luros,
1196 474 1237 512 &
1252 487 1397 528 eorum,
1411 473 1470 525 qui
1488 486 1583 527 nunc

336 535 533 574 incolerent
544 568 555 586 ,
573 549 679 589 agros
692 536 736 574 iis
749 536 986 591 affignaturos
999 537 1082 577 esse.
1098 529 1230 589 Quam
1247 552 1325 576 rem
1334 551 1419 576 cum
1431 567 1445 584 ,
1458 525 1585 595 Caffio

322 597 381 636 t&
400 595 514 636 Bruto
528 596 632 636 caelo
649 629 659 647 ‚
677 597 864 637 in·1taliam
882 600 996 638 redux
1013 599 1244 639 Oel-avianus
1258 599 1436 652 perficere
1452 597 1585 645 vellet,

338 661 471 713 partim
487 676 531 699 ex
551 662 709 701 militum
725 662 909 702 insolentia
928 664 969 702 ὅ(
984 665 1157 710 avaritia,
1175 665 1305 716 partim
1325 678 1370 702 ex
1384 661 1587 716 ejefflorum

340 722 386 761 de
401 722 471 761 suis
485 723 588 762 bonis
608 724 857 778 indignatione
873 727 995 780 magni
1011 738 1131 764 motus
1147 741 1193 764 ac
1209 725 1384 763 tumultus
1404 726 1475 763 orti
1492 724 1586 764 sunt.

342 800 381 825 v.
397 787 555 840 Appian.
567 788 679 830 Civil.
693 790 732 828 V
744 821 757 837 ‚
771 805 806 842 p.
828 789 899 829 108
910 805 922 829 1
939 790 1016 844 sqq.
1032 790 1110 829 Dio
1123 788 1264 829 Caffius
1279 787 1469 836 XLVIII,
1492 802 1588 842 5—-9.

343 848 436 887 adde
461 849 611 891 Sueton.
629 851 727 904 Aug.
750 852 854 893 XIII.
872 852 958 891 Erat
980 864 1101 904 autem
1116 865 1244 890 eorum
1257 883 1268 900 ‚
1288 852 1417 905 quibus
1429 852 1591 904 praemia

343 909 519 950 solvenda
535 912 645 954 essent
658 945 669 963 ‚
690 917 816 968 ingens
837 931 1009 956 numerus
1023 946 1035 962 ‚
1060 916 1224 969 legiones
1240 915 1412 952 nimirum
1426 945 1437 961 ‚
1460 912 1487 951 sl
1502 913 1591 966 Ap-

343 976 451 1027 piano
466 974 555 1015 fides
568 978 737 1017 habenda
753 979 775 1019 l.
789 978 813 1017 l.
829 994 864 1032 p.
884 992 980 1033 1075
996 1009 1008 1025 ,
1036 979 1158 1033 1976,
1171 980 1386 1016 nonminus
1401 976 1596 1025 XXVIII,

341 1050 434 1093 quae
455 1052 526 1076 una
539 1040 624 1077 cum
640 1041 884 1078 annumeratis
899 1041 932 1077 in
949 1040 1107 1092 legiones
1128 1040 1264 1091 (μετὰ,
1278 1036 1352 1078 τῶν
1372 1053 1590 1078 συντασσο-

341 1096 458 1151 μένων
477 1102 496 1150 )
526 1098 733 1155 efficiebant
760 1112 906 1139 centum
934 1101 979 1156 &
1002 1100 1228 1160 septuaginta
1255 1102 1421 1146 virorum
1447 1100 1558 1140 millia
1570 1123 1591 1153 —‚

344 1173 485 1215 praeter
499 1164 635 1214 equites
649 1164 690 1203 &
705 1164 850 1202 turbam
861 1165 1051 1202 militarem
1064 1179 1075 1211 3
1087 1159 1316 1215 'quamquam
1334 1178 1460 1202 eorum
1476 1194 1488 1212 ,
1506 1156 1590 1216 quiss

345 1224 413 1263 bns
435 1224 481 1262 ad
497 1223 681 1262 Mutinam
700 1225 1004 1276 promittebantur
1022 1225 1126 1277 agri,
1150 1238 1322 1275 numerus
1344 1227 1452 1264 etiarn
1476 1224 1594 1263 maior

292 1293 297 1296 “
345 1298 447 1335 erat3
466 1286 653 1325 habebant
675 1289 773 1325 enim
787 1288 968 1326 triumviri
984 1287 1048 1326 sub
1065 1285 1181 1340 'signis
1200 1287 1359 1340 legiones
1379 1286 1504 1327 XLIII
1552 1298 1592 1326 ut

291 1367 293 1372 ¹
347 1349 441 1387 adeo
474 1339 679 1401 quindecim
707 1347 867 1402 legiones
894 1349 989 1402 bello
1020 1343 1190 1404 consefil'o'
1216 1346 1460 1390 desiderentur
1479 1363 1491 1396 3
1512 1318 1594 1400 ἶίνε

349 1409 452 1463 quod
467 1420 565 1448 tanta
581 1410 771 1447 hominum
788 1410 845 1447 vis'
857 1411 1008 1455 interiit,
1023 1403 1099 1466 sive
1114 1399 1216 1463 quod
1228 1400 1421 1448 nonnullae
1432 1407 1595 1462 legiones

349 1472 397 1511 ab
418 1471 585 1510 Antonio
602 1473 639 1509 in
653 1469 782 1509 Asiam
796 1469 972 1509 abdufl'ae
995 1470 1074 1509 sunt
1084 1503 1098 1518 ,
1112 1472 1204 1510 aliae
1217 1485 1310 1510 vero
1323 1502 1335 1520 ,
1353 1468 1596 1510 nond'umsti—

348 1533 490 1587 pendiis
499 1533 657 1570 emeritis
670 1561 682 1577 ,
696 1531 743 1569 ad
758 1531 853 1569 nulla
869 1531 1013 1569 militiae
1024 1533 1188 1583 ‘praemia
1201 1523 1385 1584 ‘adspirare
1402 1542 1596 1584 poterant3

311 1624 315 1633 .
350 1605 448 1633 certe
466 1593 550 1631 offilo
564 1592 659 1630 mille
677 1606 719 1630 ex
735 1591 808 1629 hoc
822 1606 974 1630 numero
995 1604 1246 1630 memorantur
1264 1607 1322 1646 ap.
1338 1592 1550 1645 Appianum
1571 1593 1597 1634 l.

351 1656 377 1695 l.
401 1670 436 1708 p.
458 1666 569 1705 1073.
593 1652 692 1691 Inter
715 1666 803 1701 eos,
826 1666 984 1705 quorum
1009 1654 1084 1706 agri
1105 1649 1270 1706 assignati
1294 1652 1372 1690 sunt
1387 1654 1572 1692 veteranis
1586 1685 1598 1702 ‚

349 1717 450 1756 fuere
471 1714 740 1755 Cremonenses
755 1745 768 1760 ,
791 1715 852 1767 qui
874 1714 912 1752 &
937 1712 1003 1766 ipfi
1023 1711 1136 1753 Caffii
1159 1707 1331 1766 Brutique
1352 1724 1471 1766 partes
1487 1713 1598 1753 secuti

351 1789 464 1818 erant.
478 1793 518 1816 v.
534 1777 638 1817 Serv.
656 1777 702 1815 ad
714 1775 793 1815 Ecl.
809 1775 864 1815 IX
875 1806 888 1822 ‚
905 1775 969 1817 28.
984 1774 1162 1827 Quorum
1177 1777 1252 1828 agri
1266 1789 1352 1814 cum
1364 1791 1431 1829 pro
1441 1776 1597 1816 militum

329 1860 333 1867 -=
352 1839 594 1879 immissorum
610 1853 764 1878 numero
781 1840 887 1877 nimis
903 1836 1043 1892 angusti
1058 1836 1170 1876 effent
1184 1869 1195 1886 ,
1213 1837 1359 1875 vicinos
1372 1837 1600 1876 Mantuano-

352 1918 434 1943 rum
446 1915 552 1955 agros
566 1901 707 1940 additos
719 1901 819 1940 fuiffe
832 1912 990 1940 narrant.
1004 1899 1121 1953 Cujus
1135 1910 1259 1939 tamen
1272 1900 1320 1938 rei
1334 1930 1346 1949 ‚
1371 1913 1597 1953 quamquam

352 1967 410 2006 illa
426 1980 517 2005 vera
532 1965 603 2005 effe
615 1965 734 2019 potest
748 1997 760 2014 ‚
777 1965 912 2004 nullam
924 1996 937 2012 ,
958 1972 1213 2021 praeterquam
1230 1962 1570 2003 Grammaticorum
1585 1995 1599 2013 ‚

353 2028 605 2068 au&oritatem
621 2029 772 2080 reperio.
792 2027 982 2080 Appianus
996 2026 1144 2080 quidem
1157 2026 1180 2063 l.
1197 2020 1221 2064 lss
1234 2018 1274 2077 p.
1296 2023 1395 2063 1082
1409 2055 1421 2073 ,
1439 2024 1598 2063 militum

355 2095 549 2132 avaritiam
571 2106 643 2131 non
658 2091 729 2131 sese
742 2091 953 2131 continuisse
975 2093 1065 2130 intra
1082 2091 1165 2134 suos
1185 2091 1294 2144 agros
1313 2098 1497 2127 memorat
1514 2088 1601 2144 ‚Used

354 2172 418 2197 eos
436 2155 564 2210 passim
579 2157 722 2195 vicinos
733 2162 842 2209 'agros
857 2154 1048 2193 insolenter
1062 2150 1228 2210 invasisse
1243 2183 1254 2200 ,
1266 2150 1345 2206 plus
1358 2182 1370 2200 ‚
1390 2165 1501 2204 quam
1515 2164 1601 2189 con-

356 2219 491 2259 ceffum
508 2218 595 2258 esset
608 2249 620 2265 ,
637 2217 817 2271 usurpasse
831 2249 842 2266 ‚
868 2217 907 2256 &
926 2231 1018 2270 quos
1038 2214 1205 2254 meliores
1224 2214 1267 2251 iis
1280 2244 1291 2261 ‚
1308 2214 1372 2266 qui
1390 2211 1483 2250 sorte
1494 2212 1602 2256 ‚obti-

355 2291 507 2335 gerant‚
531 2290 700 2331 putarent
725 2291 831 2332 agros
847 2309 860 2325 ,
885 2276 967 2316 suos
991 2273 1126 2315 fecisse.
1152 2278 1301 2314 potuere
1323 2275 1444 2326 itaque
1470 2273 1600 2312 milites

355 2344 558 2398 transgredi
588 2343 677 2383 fines
701 2344 741 2383 &
769 2344 995 2383 Mantuanos
1022 2353 1128 2394 agros
1161 2338 1335 2377 invadere
1352 2354 1363 2388 3
1393 2350 1432 2377 ut
1461 2338 1534 2378 vel'
1550 2337 1600 2376 fic

359 2409 522 2448 Mantua
549 2407 734 2445 Cremonae
758 2407 903 2445 nimium
923 2403 1045 2442 vicina
1067 2402 1137 2440 dici
1153 2400 1280 2454 posset.
1305 2400 1402 2440 Inter
1418 2400 1601 2461 Mantua-

357 2486 427 2511 nos
439 2502 451 2520 ,
467 2471 526 2524 qui
541 2470 635 2510 hanc
646 2470 794 2509 iniuriae
811 2469 1062 2523 indignitatem
1081 2464 1236 2505 subirent
1247 2496 1260 2512 ,
1284 2465 1487 2520 Virgilium
1498 2459 1600 2503 fuisse
