1715 3028
336 131 453 194 „2⁶4

491 317 572 374 ⁴1³.
627 314 1006 372 VIRGILII
1084 314 1491 373 MARONIS

355 396 1645 575 AENEIDOS

709 657 1085 703 LIBER
1176 659 1297 705 VI.

770 805 931 816 ———

604 874 1440 968 ARGUMENTUMJ*

356 1022 494 1073 Cumas
529 1021 702 1061 adve&us
734 1023 870 1062 AEneas
894 1054 907 1069 ,
940 1032 1085 1061 antrum
1109 1022 1269 1075 Sibyllae
1292 1014 1379 1074 petit
1402 1039 1410 1063 :
1433 1023 1650 1077 peractoque

408 1087 455 1125 de
484 1100 589 1124 more
619 1085 824 1133 sacrificio,
853 1085 998 1125 Phoebi
1021 1086 1209 1124 oraculum
1237 1085 1401 1127 consulit.
1439 1085 1494 1125 Ibi
1526 1086 1567 1125 δε
1591 1088 1646 1125 in..

407 1149 535 1188 stantia
563 1149 744 1201 pericula,
763 1148 802 1188 &
830 1148 940 1187 futuri
966 1148 1050 1187 belli
1079 1159 1256 1188 eventum
1285 1147 1398 1186 discit.
1428 1148 1559 1188 Miseni
1586 1163 1662 1188 ca-t

408 1212 524 1250 daver
553 1212 589 1248 in
616 1210 722 1250 litore
751 1212 943 1250 inventum
967 1210 1153 1250 comburit
1171 1240 1182 1258 ‚
1208 1208 1442 1262 reliquiasque
1468 1208 1532 1248 sub
1556 1224 1648 1263 pro-

409 1277 510 1314 ximo
536 1286 663 1314 monte
685 1275 834 1329 sepelit,
859 1275 921 1329 qui
938 1275 1068 1314 Miseni
1091 1288 1228 1319 nornen
1253 1274 1298 1312 ab
1322 1274 1383 1313 illo
1404 1275 1568 1315 obtinuit.
1593 1276 1648 1315 In-

408 1339 455 1377 de
492 1338 746 1377 columbarum
777 1338 886 1377 duRu
914 1338 959 1376 ad
989 1353 1138 1377 aureum
1168 1352 1311 1377 ramum
1346 1339 1514 1390 pervenit
1539 1353 1548 1377 :
1573 1353 1647 1392 quo

407 1402 610 1453 decerpto,
640 1401 871 1455 mactatisque
899 1402 1024 1440 hostiis
1053 1402 1142 1441 deos
1177 1391 1313 1449 inferos
1346 1412 1561 1450 veneratus,
1584 1402 1646 1441 Si·-

405 1466 508 1519 bylla
548 1466 639 1505 duce
677 1481 743 1518 per
768 1466 912 1506 Averni
942 1465 1064 1506 fauces
1091 1468 1137 1505 ad
1168 1466 1302 1506 inferos
1336 1467 1458 1505 tendit.
1496 1466 1643 1506 Palinu-a

405 1542 488 1565 rum
510 1558 522 1575 ‚
551 1528 650 1579 quod
677 1528 825 1580 sepulcri
857 1528 1002 1567 honore
1034 1539 1197 1574 careret,
1222 1528 1319 1566 circa
1339 1526 1508 1581 Stygiam
1535 1530 1643 1581 palu-

404 1588 492 1626 dem
518 1588 751 1628 oberrantem
774 1590 914 1628 invenit
930 1620 941 1638 ,
959 1604 1115 1642 eumque
1142 1603 1213 1627 una
1237 1590 1276 1626 in
1297 1588 1503 1628 ulteriorem
1526 1591 1643 1642 ripam

406 1650 570 1703 trajicere
586 1654 793 1705 cupientem
816 1653 955 1707 Sibylla
976 1653 1171 1705 prohibet,
1186 1652 1461 1704 cenotaphiique
1479 1653 1520 1692 &
1539 1652 1644 1696 exse-

405 1716 572 1766 quiarum
602 1714 664 1766 spe
693 1716 909 1754 consolatur.
954 1714 1038 1753 Post
1069 1715 1159 1753 haec
1190 1714 1344 1766 Stygem
1375 1713 1543 1767 trajectus
1574 1716 1641 1757 AE·

403 1790 517 1822 neas,
543 1776 781 1830 Cerberoque
807 1777 995 1816 medicatis
1026 1776 1108 1816 offis
1132 1774 1252 1829 sopito
1275 1807 1286 1825 ‚
1317 1790 1382 1828 per
1409 1777 1490 1816 loca
1518 1776 1642 1815 infan-

403 1839 524 1884 tium,
557 1853 758 1892 eorumque
791 1841 852 1893 qui
876 1840 965 1879 falso
994 1841 1143 1879 crimine
1171 1839 1333 1878 damnati
1361 1840 1478 1892 capite
1501 1839 1641 1893 suppli-

404 1902 503 1938 cium
533 1900 671 1939 luerant
685 1932 698 1947 ‚
720 1903 785 1941 iter
809 1901 969 1949 faciens,
994 1902 1162 1954 pervenit
1190 1901 1236 1939 ad
1263 1900 1385 1941 sedem
1407 1916 1558 1951 eorum,
1577 1902 1640 1955 qui

401 1963 541 2000 amoris
563 1964 791 2015 impatientia
807 1977 935 2002 manus
955 1962 1021 2002 fibi
1042 1962 1304 2002 consciverant.
1327 1962 1382 2001 Ibi
1398 1962 1527 2002 Elisam
1544 1975 1640 2002 con-

402 2022 561 2073 spicariis
579 2038 662 2062 cum
680 2025 710 2062 ei
727 2023 761 2062 se
778 2038 932 2078 purgare
953 2025 1062 2064 vellet
1077 2057 1088 2074 ‚
1105 2025 1163 2063 illa
1180 2024 1449 2078 indignabunda
1463 2024 1641 2077 conspece

402 2097 481 2122 tum
501 2084 578 2137 ejus
593 2084 741 2139 effugit:
763 2086 846 2125 inde
864 2086 1070 2140 progressus
1088 2086 1331 2138 Deiphobum
1348 2087 1385 2122 in
1405 2084 1547 2126 sedibus
1569 2101 1639 2125 eo-

400 2159 482 2183 rum
495 2177 509 2193 ,
528 2148 586 2199 qui
609 2146 706 2185 bello
726 2146 917 2199 aliquando
938 2147 1159 2196 claruerant,
1177 2146 1297 2186 multis
1312 2147 1520 2186 vulneribus
1541 2147 1637 2188 lace-2

400 2220 480 2243 rum
498 2206 703 2259 conspicit,
719 2207 885 2260 necisque
905 2207 982 2261 ejus
1000 2209 1192 2262 indignum
1213 2208 1369 2246 modum
1391 2208 1437 2246 ab
1451 2207 1528 2260 ipso
1544 2209 1634 2247 edo-

400 2278 513 2306 cetur.
541 2269 684 2308 Remo
711 2270 839 2308 dein-de
859 2271 905 2308 ad
931 2271 1076 2309 laevam
1102 2270 1289 2317 Tartaro,
1315 2269 1638 2323 sceleratorumque

291 2369 301 2379 .
400 2345 537 2384 poenas
563 2345 583 2368 a
598 2330 739 2383 Sibylla
762 2332 908 2370 edocffus
925 2363 937 2380 ‚
962 2332 1008 2371 ad
1026 2332 1121 2371 Ditis
1136 2331 1244 2383 ipsuis
1263 2333 1408 2374 moenia
1427 2332 1634 2381 contendit‚

348 2393 352 2443 l
403 2406 625 2444 aureumque
651 2407 791 2432 ramum
818 2395 855 2432 in
877 2393 952 2447 ipso
978 2395 1095 2447 regiae
1116 2394 1237 2432 limine
1262 2392 1400 2447 defigit.
1431 2391 1516 2432 Post
1541 2394 1632 2433 haec

403 2454 449 2493 ad
466 2454 733 2498 fortunatorum
749 2455 847 2495 sedes
864 2457 927 2495 iter
950 2454 1097 2497 instituit
1112 2485 1125 2505 2
1147 2455 1190 2498 &
1204 2469 1225 2494 a
1244 2454 1397 2495 Musaeo
1421 2454 1467 2495 ad
1491 2466 1653 2512 patrems
