1715 3028
314 180 408 227 3⁴0
659 161 1271 208 P.V1RGJLJJ

314 274 474 336 His‘ego
493 289 530 318 te
545 308 557 326 ‚
574 276 691 317 AEnea
707 306 719 324 ‚
742 270 934 317 duetorem
955 269 1117 316 millibus
1136 270 1277 317 addam.

310 347 414 392 Toto
435 362 593 407 namque
613 344 772 390 fremunt
791 343 992 390 condensae
1009 342 1121 390 litore
1141 362 1285 408 puppes
1298 377 1311 396 ‚

309 417 499 481 Signaque
524 416 621 462 ferre
638 417 770 479 jubent
788 437 796 461 :
818 416 952 463 retinet
972 417 1168 481 longaevus
1187 415 1368 480 haruspex

308 495 394 537 Fata
413 511 544 538 canens
562 513 570 536 ε
593 495 628 538 O
648 491 828 538 Maeoniae
848 492 990 538 delesta
1010 492 1184 554 juventus
1201 526 1214 544 .,

307 566 396 612 Flos
411 582 578 611 veterum
595 564 786 629 virtusque
803 565 922 629 virum
935 601 946 619 ‚
968 584 1064 629 quos
1082 565 1191 628 justus
1211 564 1248 610 in
1266 562 1410 610 hostem

306 643 394 686 fert
413 639 612 694 dolor‚·&
633 639 762 685 merita
780 639 948 685 accendit
964 638 1176 684 Mezentius
1199 638 1278 692 ira;

308 712 413 757 Nulli
430 711 481 757 fas
501 711 595 757 Italo
613 726 749 757 tantam
767 710 991 775 subjungere
1005 726 1157 774 ¹gentem
1175 730 1184 755 τ

308 787 493 831 Externos
515 799 643 848 optate
661 785 785 830 duces.
803 787 899 830 Tum
917 783 1064 830 Etrusca
1084 783 1222 830 resedit

307 859 395 903 Hoc
412 858 507 908 acies
527 876 660 922 campo
674 893 686 911 ‚
705 857 855 904 monitis
876 857 1050 903 exterrita
1066 856 1220 903 Divom.

307 930 390 993 Ipse
412 946 580 977 oratores
600 931 645 977 ad
663 949 722 977 me
740 966 753 985 ‚
774 931 956 994 regnique
974 948 1156 977 coronam

302 1005 407 1051 ¹Cum
426 1004 573 1068 sceptro
591 1003 685 1049 mifit
702 1039 714 1057 ‚
738 1004 957 1066 mandatque
976 1002 1126 1066 infignia
1143 1002 1342 1056 Tarchon,

309 1077 510 1123 Succedam
530 1077 648 1123 castris
664 1114 676 1132 .,
693 1075 966 1140 Tyrrhenaque
983 1093 1098 1139 regna
1116 1075 1305 1139 capessam.

308 1153 382 1198 Sed
403 1151 491 1198 mihi
511 1152 609 1197 tarda
633 1150 720 1215 gelu
739 1150 921 1214 seclisque
941 1151 1067 1197 effoeta
1088 1150 1251 1198 tenedus

306 1225 455 1272 Invidet
475 1225 668 1289 imperium
683 1262 694 1280 ‚
713 1225 877 1288 seraeque
898 1225 942 1270 ad
958 1224 1074 1271 fortia
1092 1224 1202 1271 vires.

306 1301 445 1345 Natum
462 1299 679 1345 exhortarer
692 1334 704 1353 ‚
723 1299 759 1345 ni
781 1298 914 1345 mixtus
933 1314 1048 1345 matre
1068 1299 1213 1346 Sabella

306 1372 403 1419 Hinc
422 1389 563 1437 partem
583 1372 711 1437 patriae
730 1372 901 1425 traheret.
917 1377 997 1426 Tu,
1013 1375 1118 1437 cujus
1136 1374 1176 1421 &
1191 1373 1296 1420 annis

305 1447 352 1490 Et
372 1445 501 1504 generi
519 1445 591 1491 fata
615 1445 831 1508 indulgent,
857 1463 968 1508 quem
987 1446 1134 1492 numina
1155 1447 1313 1509 poscunt
1328 1478 1343 1498 u

303 1517 508 1579 Ingredere
524 1551 535 1569 ‚
558 1536 581 1562 o
600 1519 788 1561 Teucrum
809 1531 919 1578 atque
939 1517 1067 1562 Italum
1087 1516 1275 1563 fortiflime
1295 1516 1438 1563 duitor.

303 1592 413 1635 Hunc
433 1588 498 1636 tibi
519 1605 695 1653 praeterea
709 1624 720 1643 ‚
742 1589 822 1653 spes
842 1589 881 1636 Sc
900 1590 1028 1636 solatia
1046 1590 1160 1637 nostri
1175 1626 1188 1645 .,

301 1662 465 1708 Pallanta
485 1662 693 1725 adjungam.
715 1661 789 1706 Sub
810 1676 845 1707 te
864 1662 1026 1709 tolerare
1046 1662 1217 1726 magistro

299 1733 479 1779 Militiam
501 1733 541 1780 ἃ
566 1751 678 1797 grave
696 1732 827 1779 Martis
849 1752 943 1797 opus
957 1769 968 1787 ‚
988 1749 1047 1780 tua
1066 1752 1219 1782 cernere
1237 1733 1328 1780 faela

301 1805 488 1853 Assuescat
505 1843 517 1863 ‚
535 1806 659 1870 primis
679 1806 718 1853 ὅτ.
735 1822 771 1852 te
791 1806 943 1853 miretur
963 1807 1008 1854 ab
1032 1807 1148 1854 annis.

297 1881 459 1926 Arcadas
477 1881 563 1926 huic
581 1880 725 1944 equites
742 1881 795 1927 bis
812 1896 960 1927 centum
973 1917 985 1934 7
1002 1882 1141 1928 robora
1159 1881 1266 1946 pubis

296 1955 406 2001 LeEla
425 1956 522 2002 dabo
539 1977 550 2009 ·‚
571 1955 805 2019 totidemque
826 1956 893 2002 suo
913 1955 980 2002 tibi
1002 1955 1156 2002 nomine
1176 1956 1304 2002 Pallas.

362 2030 433 2075 Vix
454 2049 495 2076 ea
514 2030 605 2076 fatus
623 2046 720 2076 erat:
743 2031 931 2094 defixique
951 2049 1015 2077 ora
1032 2030 1210 2077 tenebant

295 2107 430 2150 AEueas
451 2104 686 2150 Anchifiades
708 2104 747 2151 δι
766 2104 858 2150 fidus
877 2103 1035 2150 Achates
1049 2139 1062 2157 ,

294 2178 493 2241 Multaque
512 2178 601 2224 dura
621 2178 687 2225 suo
706 2178 795 2224 tristi
815 2197 898 2224 cum
919 2178 1035 2224 corde
1055 2177 1252 2242 putabant3

293 2250 343 2295 Ni
360 2250 503 2314 lignum
521 2252 621 2298 coelo
643 2252 833 2315 Cytherea
850 2251 1005 2297 dedisset
1022 2268 1164 2315 aperto.

293 2324 463 2386 Namque
481 2324 686 2392 improviso
707 2325 866 2371 vibratus
884 2325 928 2372 ab
946 2325 1083 2371 aetliere
1102 2324 1229 2387 fulgor

292 2397 390 2441 Cum
410 2397 533 2444 sonitu
553 2398 655 2444 venit
668 2433 680 2452 ‚
703 2398 742 2445 &
761 2417 869 2445 ruere
891 2398 1015 2445 omnia
1034 2398 1108 2443 visa
1126 2412 1281 2461 repente
1298 2435 1309 2452 ,

293 2468 587 2534 Tyrrhenusque
609 2471 707 2517 tubae
727 2470 871 2535 mugire
888 2488 957 2534 per
972 2468 1108 2516 aethera
1125 2469 1291 2533 clangor„

1498 576 1592 623 ‘500
1652 614 1657 624 .

1502 945 1589 990 505

1505 1316 1592 1359 5¹0

1497 1678 1577 1722 515

1495 2048 1581 2092 520

1488 2416 1568 2459 525
