1715 3028
355 160 447 207 262
672 156 1296 204 P.VIRGILII

352 267 465 312 Nunc
486 265 636 314 dextros
654 264 805 311 solvere
823 263 943 309 finus:
963 282 1031 310 una
1049 263 1160 310 ardua
1179 278 1356 328 torquent

352 341 510 385 Cornua
526 373 538 392 ,
557 338 873 401 detorquentque.
893 340 1031 383 Ferunt
1051 336 1114 382 sua
1133 335 1282 383 flamina
1303 335 1463 383 claffem,

350 411 530 475 Princeps
553 425 636 456 ante
655 410 776 457 omnis
793 409 947 457 densum
962 410 1154 457 Palinurus
1170 410 1314 474 agebat-

349 487 523 546 Agmen:
546 484 592 530 ad
614 484 712 530 hunc
729 483 789 530 alii
807 484 949 531 cursum
974 484 1204 531 contendere
1227 483 1316 546 juffi.

348 558 503 619 Jamque
521 556 600 603 fere
618 557 776 604 mediam
795 557 884 604 coeli
903 576 980 604 nox
1001 556 1147 602 humida
1168 571 1305 602 metam

348 627 605 692 Contigerat:
627 628 771 694 placida
788 630 949 676 laxarant
974 630 1137 675 membra
1157 628 1285 692 quiete

350 701 425 747 Sub
447 701 555 747 remis
573 701 639 748 fufi
664 721 732 767 per
750 702 840 749 dura
860 702 986 749 sedilia
1005 717 1137 749 nautae.

350 776 448 820 Cum
465 775 558 821 levis
578 775 930 840 aetheriisdelapsus
950 779 1107 823 Somnus
1126 776 1170 822 ab
1187 776 1287 823 astris

347 851 447 894 Aera
466 849 626 895 dimovit
644 849 885 896 tenebrosum
898 885 910 904 ‚
931 849 971 897 ἃ
988 849 1140 914 dispulit
1159 850 1304 896 umbras
1323 884 1337 902 ‚

346 923 405 966 Te
420 956 430 974 ,
450 921 621 969 Palinure
638 959 650 976 ,
667 939 799 987 petens
816 959 827 977 ,
849 923 917 970 tibi
935 923 1045 970 tristia
1065 923 1205 970 somnia
1225 938 1381 988 portans

344 994 490 1041 Insonti
506 1016 516 1048 ·‚
535 997 729 1060 puppique
744 1000 848 1043 Deus
869 996 1040 1042 consedit
1060 995 1097 1041 in
1116 996 1188 1042 alta
1203 1031 1216 1049 ‚

345 1066 550 1114 Phorbanti
568 1068 692 1114 similis
711 1089 722 1123 ;
739 1068 936 1133 funditque
956 1068 1019 1114 has
1035 1087 1102 1115 ore
1122 1068 1316 1131 loquelas:

347 1138 461 1185 lafide
484 1140 654 1187 Palinure
667 1177 679 1195 ,
699 1140 824 1187 ferunt
842 1141 919 1205 ipsa
936 1160 1089 1205 aequora
1107 1141 1252 1187 claffem
1271 1161 1284 1196 ·‚

345 1217 516 1276 AEquatae
535 1214 675 1278 spirant
695 1233 815 1261 aurae:
833 1215 940 1260 datur
959 1214 1051 1261 hora
1069 1213 1198 1278 quieti.

344 1291 453 1334 Pone
472 1303 606 1353 caput,
628 1287 816 1351 fessosque
840 1288 974 1335 oculos
991 1288 1110 1334 furare
1128 1286 1263 1333 labori.

341 1360 427 1423 Ipse
445 1378 521 1423 ego
546 1360 734 1425 paulisper
752 1378 822 1424 pro
842 1375 879 1406 te
898 1375 958 1406 tua
975 1378 1127 1406 munera
1145 1358 1263 1405 inibo.

343 1432 418 1479 Cui
439 1433 501 1478 vix
519 1433 697 1480 attollens
717 1432 910 1479 Palinurus
929 1433 1067 1478 lumina
1089 1432 1205 1478 fatur:

341 1509 463 1552 Mene
485 1506 566 1551 salis
583 1504 719 1569 placidi
740 1505 887 1551 voltum
906 1503 1112 1566 fluc‘tusque
1131 1503 1282 1566 quietos

339 1585 522 1644 Ignorare
540 1579 676 1642 jubes?
700 1596 810 1624 mene
829 1577 914 1624 huic
935 1577 1128 1624 confidere
1154 1575 1322 1623 monstro
1339 1580 1354 1620 ?

339 1657 485 1700 AEnean
509 1652 655 1698 credam
672 1650 763 1715 quid
782 1651 881 1697 enim
909 1649 1100 1697 fallacibus
1121 1650 1245 1697 austris
1261 1684 1273 1704 ‚

337 1729 387 1772 Et
405 1726 495 1774 coeli
510 1726 623 1773 toties
639 1726 816 1789 dece-ptus
835 1725 962 1771 fraude
982 1724 1128 1771 sereni?

337 1799 447 1846 Talia
466 1798 561 1844 dieta
581 1798 690 1844 dabat
704 1833 716 1851 ⁷
734 1798 955 1861 clavumque
975 1798 1102 1844 affixus
1123 1797 1163 1844 &
1181 1797 1324 1844 haerens

339 1872 535 1935 Nusquam
553 1870 770 1925 amittebat,
792 1871 1002 1936 oculosque
1024 1872 1089 1918 sub
1109 1871 1198 1917 astra
1224 1872 1382 1918 tenebat„

337 1948 439 1993 Ecce
456 1950 558 1993 Deus
578 1964 715 1993 ramum
733 1946 887 1993 Lethaeo
905 1965 993 1993 rore
1012 1947 1221 1992 madentem
1237 1981 1250 2000 ‚

338 2017 465 2083 Vique
483 2018 701 2082 soporatum
723 2017 853 2082 Stygia
871 2054 884 2073 ‚
911 2018 1019 2083 super
1038 2034 1193 2081 utraque
1211 2018 1347 2081 quassat

335 2094 555 2156 Tempora;
574 2091 837 2155 cunfikantique
858 2092 1017 2139 natantia
1037 2092 1177 2140 lumina
1196 2092 1322 2139 solvit.

337 2162 411 2207 Vix
429 2161 569 2225 primos
589 2161 745 2226 inopina
769 2161 874 2226 quies
891 2163 1077 2209 laxaverat
1099 2179 1194 2210 artus

338 2235 388 2279 Et
404 2233 741 2297 superincumbens
755 2271 767 2289 .‚
782 2253 864 2281 curn
886 2235 1021 2300 puppis
1040 2252 1144 2300 parte
1163 2235 1310 2282 revolsa
1327 2271 1341 2289 ‚

338 2308 513 2370 Cumque
534 2308 765 2372 gubernaclo
784 2307 940 2372 liquidas
959 2309 1121 2373 projecit
1139 2307 1176 2354 in
1198 2308 1310 2355 undas

336 2380 568 2444 Praecipitem
584 2417 596 2436 ‚
617 2400 659 2428 ac
680 2382 805 2429 socios
824 2383 1074 2447 nequidquam
1093 2381 1190 2446 saepe
1207 2400 1415 2433 vocantem.

334 2449 417 2516 Ipse
435 2451 562 2500 volans
581 2453 700 2502 tenuis
720 2453 758 2501 se
776 2453 918 2502 sustulit
940 2454 1016 2503 ales
1039 2453 1078 2502 in
1101 2471 1217 2502 auras.
1246 2508 1249 2509 ⁷

1548 927 1638 977 840

1544 1653 1636 1707 850

1537 2387 1631 2431 860
