1715 3028
1470 105 1493 113 ,-

340 165 420 227 ···46
685 143 1311 212 PqVJRGJLrJ

410 270 486 310 bet.
527 267 626 313 Nam
660 270 822 330 primum
852 269 1038 310 Antonius
1067 268 1318 323 Cytheridem
1345 283 1421 324 jam
1450 281 1533 310 ante
1558 276 1640 325 769

411 322 620 384 dimiserat3
636 326 803 386 adeoque
826 341 911 374 ante
930 333 970 373 id
992 343 1160 388 tempus,
1180 347 1257 388 quo
1276 335 1368 375 haec
1384 333 1469 388 post
1488 334 1643 388 reliquas

411 414 545 440 omnes
569 366 697 454 ecloga
723 395 831 436 scribi
853 397 1004 450 potuit3
1025 410 1068 436 ea
1095 398 1196 436 enim
1218 395 1264 437 de
1286 411 1325 437 re
1346 397 1420 450 jam
1446 396 1644 438 Ciceronis

410 461 564 514 Philipp.
586 457 648 507 ΙΙ,
665 456 713 497 28
732 460 766 509 ᾗ.
782 457 833 512 69
852 457 953 497 locus
971 455 1035 497 est.
1063 453 1227 498 Decima
1252 470 1376 497 autem
1401 457 1494 497 haec
1515 458 1645 512 ecloga

410 532 498 561 ante
510 535 590 573 717
606 521 670 559 vix
685 519 817 573 scripta
836 518 898 559 est.
926 518 1077 565 Deinde
1092 533 1185 560 vero
1205 521 1244 559 iis
1263 520 1390 568 annis,
1404 519 1537 572 quibus
1549 519 1643 561 haec

408 586 539 640 ecloga
551 584 682 638 scripta
701 581 772 624 effe
785 582 929 637 potest,
947 583 1161 623 Antonius
1151 597 1192 623 m
1213 582 1394 630 Oriente,
1410 595 1488 621 non
1501 583 1540 622 in
1554 572 1644 623 Gal-

410 650 479 697 lia,
495 649 575 689 fuit.
598 646 712 699 Quae
726 647 854 686 omnia
870 646 976 686 deae
994 644 1264 686 demonstravit
1289 644 1440 684 Martin.
1456 644 1505 684 ad
1524 658 1564 684 v.
1582 657 1642 684 22.

407 709 542 763 Neque
558 706 644 749 ferri
658 706 777 763 potest
792 707 930 748 doctiss.
944 706 1146 762 Morgagni
1167 704 1332 765 (Opusc.
1346 705 1496 745 miscell.
1509 696 1560 745 T
1569 705 1646 755 III,

408 770 512 826 epist.
526 770 649 812 AErnil.
664 785 719 824 pr.
726 769 954 825 )sententia‚
967 771 1029 823 qui
1046 783 1131 809 cum
1148 760 1322 808 Servium
1343 761 1643 824 amplesteretur,

409 836 453 876 &
474 834 653 875 Antonii
644 849 684 872 in
703 832 844 875 Gallias
864 833 1136 888 profectionem
1154 832 1312 886 aliquam
1326 831 1643 891 circumspiceret,

408 898 507 937 illam
523 898 674 951 arripuit
687 926 699 946 ‚
713 911 798 936 cum
819 895 1068 949 Quaesturam
1087 896 1235 936 Romae
1247 894 1427 949 petiisset,
1442 895 1579 935 &inde
1594 896 1643 936 ad

405 959 626 1007 Caesarem,
649 962 710 1013 qui
732 972 812 1000 tum
829 959 868 998 in
889 959 1017 1001 Galliis
1037 959 1172 999 bellum
1189 958 1362 1014 gerebat,
1375 957 1532 1008 rediret,
1547 972 1643 1013 quae

407 1035 465 1061 res
487 1021 536 1060 ad
567 1036 706 1062 annum
728 1035 820 1072 702.
843 1020 1026 1075 Pompejo
1050 1020 1137 1062 Coc
1170 1019 1246 1060 sme
1269 1019 1426 1075 Collega
1451 1020 1644 1062 referenda-

407 1083 517 1133 effet3
539 1084 639 1137 quod
666 1080 746 1123 fieri
779 1097 855 1123 non
879 1082 1023 1137 potest,
1047 1079 1074 1120 sl
1111 1082 1251 1135 Ecloga
1277 1081 1368 1121 haec
1401 1082 1530 1122 ultimo
1554 1083 1644 1123 loco

406 1144 540 1198 scripta
552 1146 602 1185 est
615 1177 627 1196 ‚
639 1157 679 1185 ut
693 1146 818 1187 versus
841 1149 981 1199 primus
995 1142 1165 1186 declarat.
1188 1145 1415 1184 Fontaninus
1426 1176 1438 1194 ‚
1453 1147 1514 1185 vir
1529 1147 1640 1200 longe

407 1207 635 1247 doffiffimus
665 1210 702 1246 in
723 1207 893 1247 Historia
916 1209 982 1248 litt.
1008 1206 1173 1262 Aquilej.
1192 1221 1228 1260 p.
1246 1205 1294 1246 28
1308 1237 1322 1253 ‚
1351 1206 1396 1247 de
1411 1207 1498 1262 fuga
1512 1207 1643 1248 Anto-

407 1272 459 1310 nii
483 1270 672 1324 intelligit,
695 1285 782 1310 cum
806 1271 852 1310 ad
877 1271 1067 1310 Mutinam
1091 1284 1166 1322 711
1191 1269 1306 1309 victus
1333 1270 1372 1308 in
1395 1268 1555 1310 Galliam
1581 1271 1642 1311 ul-

407 1333 582 1372 teriorem
600 1333 635 1372 se
659 1334 857 1386 reciperet,
883 1334 924 1374 ὅ(
949 1334 1006 1374 Μ.
1033 1333 1224 1373 AEmilium
1248 1330 1434 1383 Lepidum
1458 1331 1524 1371 fibi
1549 1332 1642 1384 jun-
1708 1350 1710 1353 ’

408 1404 523 1447 geret.
552 1391 626 1432 Sed
644 1407 684 1432 ut
707 1392 776 1431 alia
797 1408 844 1433 ne
866 1408 1094 1443 memorem,
1117 1407 1236 1447 neque
1260 1406 1340 1431 turn
1365 1394 1566 1446 quidquam
1592 1390 1643 1435 ad

404 1451 581 1494 Rhenum
608 1451 748 1507 gestum
762 1483 774 1502 ,
801 1468 912 1507 quern
936 1466 1120 1494 memorat
1142 1458 1254 1509 poeta
1276 1469 1315 1494 v.
1332 1468 1396 1510 45.
1426 1455 1641 1498 Enimvero·

407 1528 485 1554 non
507 1514 574 1552 nis1
590 1528 689 1553 anno
702 1528 782 1566 717
802 1515 852 1554 U.
869 1514 917 1556 C.
939 1516 1111 1565 ineunte,
1129 1516 1185 1555 M.
1203 1516 1400 1570 Agrippa,
1417 1515 1460 1558 L.
1476 1517 1647 1558 Caninio

406 1575 520 1617 Gallo
538 1574 641 1616 Coss.
658 1576 704 1614 ab
726 1576 895 1631 Agrippa
915 1576 1000 1617 Cos.
1023 1578 1203 1618 exercitus
1220 1578 1412 1618 Romanus
1435 1580 1473 1617 in
1496 1580 1642 1621 Gallias

407 1638 536 1677 duetus
550 1635 726 1677 Rhenum
745 1639 895 1679 transiit.
917 1655 956 1678 v.
976 1639 1058 1680 Dio
1075 1639 1261 1686 XLVIII,
1279 1654 1310 1679 c.
1327 1654 1389 1694 49.
1414 1640 1462 1679 cf.
1488 1641 1640 1685 Martin.

406 1700 454 1740 ad
480 1700 576 1738 hanc
599 1700 728 1754 Eclog.
752 1701 792 1741 &
817 1701 909 1740 Vita
930 1701 1037 1756 Virg.
1064 1717 1100 1755 p.
1116 1701 1251 1741 LXIII.
1271 1716 1355 1741 cum
1373 1716 1451 1756 quo
1477 1704 1638 1744 exercitu

409 1759 568 1814 Lycoris
590 1760 743 1801 militem
767 1761 925 1814 aliquem
948 1761 1046 1815 sequi
1068 1763 1210 1815 potuit,
1235 1762 1324 1801 dum
1347 1764 1485 1802 interea
1508 1763 1640 1804 Gallus

407 1823 470 1862 sub
494 1823 664 1878 Augusto
686 1824 734 1864 ad
763 1824 1010 1879 Pompejanas
1030 1825 1152 1866 classes
1175 1827 1222 1865 ab
1252 1825 1364 1865 Italiae
1389 1827 1555 1867 litoribus
1577 1843 1638 1867 ar-

407 1886 543 1925 cendas
563 1887 601 1925 in
622 1888 734 1926 armis
752 1885 849 1926 esset.
872 1886 919 1925 cf.
944 1902 984 1926 v.
1004 1901 1056 1936 44
1071 1886 1150 1940 sqq.
1191 1886 1438 1939 Quamquam
1460 1889 1499 1926 in
1520 1903 1638 1942 expe-

407 1949 546 1988 ditione
563 1952 683 2004 potius
702 1950 822 2002 aliqua
847 1948 998 1989 Gallum
1021 1949 1126 1988 fuiss'e
1139 1980 1153 1997 ‚
1177 1964 1254 1996 ¹19n
1275 1951 1313 1989 in
1330 1951 1435 1992 litore
1445 1949 1569 1992 Italiae
1588 1952 1638 1992 ad
1681 1965 1685 1972 ’

405 2011 582 2050 arcendas
609 2011 776 2065 Pompeji
804 2011 1108 2064 depraedationes
1136 2012 1420 2064 procurriss'e,ii
1436 2015 1561 2056 versus
1573 2017 1638 2063 iri-2

407 2086 518 2113 nuere
540 2073 659 2114 videri
678 2073 837 2127 possunt.

860 2182 1135 2226 POETA.

357 2244 686 2360 EXTREMUM
701 2308 828 2363 hunc,
848 2308 1049 2362 Arethusa,
1066 2305 1155 2353 mihi
1175 2308 1343 2354 concede
1362 2307 1543 2359 laborem,

356 2384 475 2427 Pauca
494 2400 579 2428 meo
601 2382 715 2429 Gallo
728 2417 740 2436 ,
760 2382 824 2429 sed
844 2402 928 2447 quae
945 2384 1046 2447 legat
1066 2382 1142 2446 ipsa
1161 2383 1340 2446 Lycoris,

358 2454 531 2501 Carmina
551 2455 634 2502 sunt
650 2455 817 2503 dicenda.
837 2473 950 2522 neget
970 2456 1051 2521 quis
1072 2457 1227 2503 carmina
1247 2456 1362 2506 Gallo
1381 2465 1397 2504 ἒ
