1715 3028
339 157 403 215 64
705 156 759 202 P.
830 149 1340 203 -VIRGILII

335 266 438 324 Quae
454 263 645 328 vigilanda
662 262 776 309 viris?
791 258 853 309 vel
874 268 956 308 cum
975 262 1048 308 ruit
1067 260 1295 309 imbriferum
1315 270 1410 309 ver:
1425 266 1437 275 Χ

336 335 472 400 Spicea
498 338 570 400 jam
590 336 726 399 campis
751 353 834 382 cum
850 336 965 382 meffis
988 335 1203 390 inhorruit,
1231 336 1272 384 ἃ
1290 353 1374 383 cum

335 409 535 454 Frumenta
554 408 592 453 in
612 407 723 453 viridi
743 407 874 472 stipula
891 407 1064 454 hieremia
1086 412 1264 472 turguen't
1282 416 1297 455 ?

335 483 444 544 Saepe
461 498 537 544 ego
555 516 567 533 ‚
597 498 680 526 cum
696 479 803 526 flavis
819 475 1016 528 niefforem
1033 480 1228 528 induceret
1247 481 1343 527 arvis

330 555 516 618 *Agricola
536 590 548 609 ‚
569 554 609 601 δι
626 554 748 619 fragili
765 555 838 618 Jam
858 555 1055 619 stringeret
1075 555 1218 602 hordea
1240 556 1366 602 culmo
1384 591 1398 611 ,

335 627 476 674 Omnia
503 643 705 675 ventorum
723 647 949 675 concurrere
976 629 1112 694 proelia
1137 630 1239 676 vidi:

332 706 435 764 Quae
461 703 649 768 gravidam
669 704 741 750 late
761 704 927 768 segetem
948 705 994 750 ab
1013 704 1197 751 radicibus
1217 704 1300 751 imis

333 777 500 824 Sublime
520 778 709 843 expulsam
733 793 934 825 eruerent:
961 778 1010 825 ita
1031 778 1179 825 turbine
1201 778 1312 843 nigro

333 854 464 898 Ferret
482 852 598 899 hiems
617 854 858 917 culmumque
877 854 1001 900 levem
1022 854 1248 918 stipulasque
1266 854 1443 901 volantis.

331 929 440 991 Saepe
459 927 568 973 etiam
588 927 806 974 immensum
824 928 927 975 coelo
946 928 1053 975 venit
1070 947 1205 994 agmen
1224 948 1399 993 aquarum
1414 964 1428 983 ‚

282 1050 287 1054 ᾗ
313 1000 539 1053 ‚Etsfoedam
562 1001 776 1065 glomerant
792 1001 1047 1066 tempestatem
1065 999 1243 1048 imbribus
1262 1001 1350 1048 atris

330 1073 517 1119 Colleelae
535 1094 578 1120 ex
597 1075 674 1121 alto
696 1076 812 1122 nubes
828 1066 927 1121 :ruit
947 1076 1081 1122 arduus
1100 1077 1216 1123 aether
1235 1112 1248 1131 ‚

330 1146 378 1191 Et
396 1146 523 1209 pluvia
543 1146 689 1210 ingenti
710 1145 781 1193 sata
800 1147 885 1192 laeta
904 1147 1098 1210 boumque
1119 1148 1269 1193 labores

330 1218 474 1265 Diluit:
501 1219 705 1283 implentur
723 1219 829 1265 foffae
847 1254 859 1272 ‚
885 1218 924 1266 δι
944 1237 1033 1265 cava
1051 1219 1206 1267 flumina
1226 1218 1396 1265 crescunt

326 1294 431 1338 ’Cum
450 1291 575 1338 sonitu
595 1328 607 1346 ‚
638 1291 837 1355 fervetque
858 1291 962 1338 fretis
982 1291 1203 1356 spirantibus
1222 1309 1366 1355 aequor.

330 1365 413 1429 Ipse
433 1382 536 1430 pater
550 1402 562 1420 ‚
585 1367 706 1412 media
728 1366 940 1414 nimborum
970 1366 1007 1411 in
1027 1366 1139 1412 noEle
1156 1401 1168 1419 ‚
1188 1364 1341 1412 corusca

329 1439 500 1485 Fulmina
526 1439 680 1485 molitur
703 1439 830 1484 dextra
849 1460 857 1483 ε
880 1457 956 1501 quo
978 1438 1134 1484 maxima
1158 1452 1264 1483 motu

330 1514 447 1558 Terra
467 1512 591 1558 tremit
608 1533 617 1557 :
643 1511 776 1575 fugere
796 1511 968 1566 ferae3‘&
985 1511 1155 1558 mortalia
1174 1512 1288 1558 corda

328 1588 398 1632 Per
415 1600 546 1649 gentes
566 1584 713 1630 humilis
744 1584 868 1631 stravit
885 1603 1016 1649 pavor.
1037 1584 1102 1631 ille
1120 1583 1293 1649 flagranti

327 1662 402 1704 Aut
420 1658 552 1717 Atho,
570 1675 630 1704 aut
651 1657 870 1722 Rhodopen
884 1694 896 1712 ‚
914 1675 976 1704 aut
993 1658 1065 1704 alta
1087 1657 1273 1704 Ceraunia
1292 1658 1372 1704 telo

327 1732 495 1796 Dejicit:
517 1731 751 1796 ingeminant
766 1731 872 1778 austri
887 1769 900 1787 ,
927 1733 967 1780 &
984 1731 1204 1779 denfiffimus
1223 1731 1365 1778 imber:

327 1807 440 1852 Nunc
462 1825 614 1853 nemora
635 1805 780 1871 ingenti
800 1821 918 1853 vento
937 1842 950 1860 ,
975 1824 1074 1852 nunc
1092 1805 1205 1852 litora
1227 1805 1421 1869 plangunt.

327 1881 415 1926 Hoc
433 1896 602 1926 metuens
619 1916 630 1933 ,
657 1879 745 1926 coeli
768 1880 913 1926 menses
931 1880 972 1927 &
993 1879 1109 1929 fidera
1129 1879 1232 1925 serva
1250 1913 1263 1933 ‚

326 1952 476 2016 Frigida
495 1952 640 1998 Saturni
662 1952 739 1998 sese
760 1970 837 2015 quo
857 1951 960 1998 stella
984 1967 1173 2016 receptet:

325 2028 440 2087 Quos
460 2025 558 2090 ignis
578 2026 666 2072 coeli
689 2025 888 2090 Cyllenius
911 2041 1009 2072 erret
1029 2026 1066 2072 in
1090 2026 1211 2073 orbes.
1265 2033 1267 2035 ’

325 2102 367 2146 In
386 2099 512 2163 primis
532 2111 711 2146 venerare
729 2100 845 2153 dem,
863 2116 974 2162 atque
996 2117 1116 2145 annua
1137 2116 1283 2162 magnae

327 2176 435 2220 Sacra
460 2173 558 2220 refer
581 2173 713 2219 Cereri
739 2173 832 2220 laetis
855 2189 1030 2238 operatus
1058 2173 1097 2219 in
1121 2172 1242 2219 herbis
1261 2207 1275 2226 .,

327 2247 512 2292 Extremae
533 2245 596 2292 sub
616 2245 738 2291 casum
758 2244 889 2292 hiemis
909 2281 922 2300 ,
944 2245 1016 2308 jam
1034 2263 1124 2291 vere
1142 2244 1293 2290 serena·

327 2321 435 2365 Tunc
453 2320 613 2384 pingues
631 2319 719 2382 agni
737 2355 751 2374 ‚
779 2318 820 2366 ὅ(
840 2334 929 2365 tunc
948 2316 1154 2365 molliffima
1173 2316 1261 2362 vina
1281 2336 1291 2361 :

327 2390 437 2439 Tunc
457 2392 577 2439 somni
595 2393 722 2439 dulces
736 2429 750 2447 ‚
770 2392 971 2456 densaeque
988 2391 1027 2437 in
1044 2390 1235 2437 montibus
1251 2390 1410 2440 umbraei,

329 2466 475 2516 Cunila
493 2466 561 2515 tibi
580 2470 759 2515 Cererem
778 2469 896 2533 pubes
915 2465 1062 2532 agrestis
1079 2465 1224 2518 adoret,

1538 420 1648 487 εις

1535 796 1554 837 3
1569 776 1626 826 2‘0

1534 1162 1619 1206 325

1534 1523 1622 1569 330

1529 1892 1613 1937 335

1525 2259 1613 2304 340
