1715 3028
342 179 434 226 ¹44
665 165 721 213 P.
792 164 1295 212 VIRGILII

334 270 508 324 Moenia,
528 270 819 334 surgentemque
840 289 951 317 novae
973 270 1208 336 Carthaginis
1227 287 1370 318 arcem:

335 346 576 409 Mercatique
600 345 742 398 solum,
761 344 847 391 fa'ffi
872 346 920 392 de
944 346 1100 392 nomine
1125 346 1275 410 Byrsam
1291 382 1305 402 ‚

336 419 502 466 Taurino
522 435 699 483 quantum
719 419 866 483 poffent
891 419 1119 466 circumdare
1139 435 1263 484 tergo.

337 493 413 538 Sed
433 512 502 539 vos
524 491 588 555 qui
607 492 781 547 tandem,
799 493 932 557 quibus
953 510 1012 539 aut
1030 493 1181 540 venistis
1198 494 1244 540 ab
1267 494 1367 550 oris‚‘

338 569 483 627 Quove
504 565 639 612 tenetis
660 565 757 613 iter?
779 568 976 627 Quaerenti
997 567 1129 614 talibus
1152 568 1216 614 ille

340 640 553 705 Suspirans,
574 641 730 704 imoque
751 640 900 688 trahens
919 661 937 688 a
955 642 1109 706 pectore
1135 661 1296 690 vocem:

342 717 379 761 O
399 717 479 761 Dea
496 750 507 769 ,
528 714 552 760 fi
572 714 689 779 prima
708 731 882 780 repetens
900 715 945 762 ab
967 716 1117 781 origine
1139 736 1292 782 pergam
1305 753 1319 771 .,

341 792 390 836 Et
407 804 516 836 vacet
533 789 674 836 annalis
699 790 912 837 nostrorum
938 791 1065 838 audire
1084 792 1256 840 laborum
1271 813 1285 847 ·,

344 866 443 911 Ante
463 863 563 910 diem
583 863 710 911 clauso
730 881 941 929 componet
959 865 1092 930 vesper
1115 867 1302 932 Olympo.

343 940 427 984 Nos
444 939 561 1001 Troja
581 938 754 1004 antiqua,
772 938 798 984 fi
819 939 952 986 vestras
973 939 1073 986 sorte
1091 959 1159 1005 per
1184 941 1280 988 auris

345 1012 475 1075 Trojae
496 1030 637 1059 nomen
657 1012 718 1066 iit,
736 1012 881 1059 diversa
900 1030 966 1076 per
985 1031 1140 1076 aequora
1159 1015 1290 1061 vetros

345 1087 462 1131 Forte
482 1084 541 1130 sua
561 1084 709 1149 Libycis
733 1085 926 1149 tempestas
950 1084 1095 1149 appulit
1123 1085 1210 1131 oris.

347 1161 436 1204 Sum
457 1159 539 1222 pius
560 1163 694 1205 AEueas
713 1194 725 1212 ‚
742 1172 869 1221 raptos
895 1156 959 1220 qui
977 1175 1023 1202 ex
1045 1156 1150 1203 hoste
1171 1161 1324 1204 Penates

349 1233 472 1279 Claffe
494 1232 596 1279 veho
621 1250 767 1278 mecum
783 1267 795 1286 ‚
813 1231 907 1277 fama
933 1231 1042 1295 super
1062 1231 1200 1278 :ethera
1227 1248 1352 1279 notus.

344 1305 485 1353 Italiam
506 1325 638 1369 quaero
658 1305 811 1372 patriam
828 1341 840 1360 ,
860 1323 978 1369 genus
997 1305 1041 1351 ab
1062 1308 1155 1352 Jove
1176 1306 1334 1353 summo.

344 1377 408 1425 Bis
426 1377 530 1425 denis
548 1378 753 1443 Phrygium
772 1377 972 1424 conscendi
992 1376 1147 1424 navibus
1163 1397 1319 1442 aequor,

351 1455 478 1498 Matre
498 1456 579 1499 Dea
600 1453 826 1499 monstrante
849 1452 972 1505 viam,
991 1452 1073 1498 data
1090 1452 1160 1498 fata
1180 1453 1354 1507 secutus;

349 1525 426 1571 Vix
444 1526 584 1588 septem
604 1526 799 1571 convolsae
818 1526 949 1579 undis,
967 1527 1147 1588 Euroque
1168 1526 1378 1590 supersunt.

349 1598 434 1662 Ipse
452 1599 627 1662 ignotu3‚
646 1616 762 1662 egens
776 1633 788 1651 ‚
808 1598 935 1661 Libyae
964 1597 1108 1644 deserta
1128 1617 1289 1663 peragro
1305 1634 1317 1650 ,

336 1675 506 1737 -Europa
525 1691 634 1736 atque
655 1671 737 1718 Afia
755 1672 891 1736 pulsus.
920 1674 1003 1718 Nec
1023 1672 1128 1736 plura
1146 1688 1368 1736 querentem

345 1746 453 1794 'Passa
468 1750 598 1793 Venus
617 1746 743 1792 medio
763 1745 810 1791 fic
832 1745 1000 1792 interfata
1019 1745 1156 1792 dolore
1176 1745 1226 1791 est
1244 1766 1253 1790 ε

353 1818 535 1884 Quisquis
555 1838 592 1866 es
606 1855 618 1873 ‚
635 1818 755 1874 haud,
776 1819 892 1871 credo
908 1852 920 1872 ‚
941 1817 1082 1864 invisus
1112 1817 1325 1864 coelestibus
1347 1835 1449 1864 auras

355 1894 499 1939 Vitales
520 1893 637 1956 carpis
651 1929 664 1947 ‚
681 1893 833 1956 Tyriam
855 1892 917 1955 qui
937 1891 1131 1938 adveneris
1150 1892 1292 1937 urbem.

355 1972 478 2032 Perge
495 1969 636 2022 modo,
654 1984 767 2031 atque
787 1966 870 2013 hinc
892 1983 929 2013 te
949 1968 1091 2031 reginae
1111 1967 1155 2012 ad
1174 1966 1296 2012 limina
1315 1965 1455 2029 perfen
1503 1986 1506 1990 ’

357 2043 530 2104 Namque
548 2039 615 2086 tibi
635 2040 790 2085 reduces
815 2038 939 2085 socios
963 2038 1184 2100 classemque
1207 2036 1357 2082 relatam

357 2114 507 2161 Nuntio
522 2150 534 2167 ,
559 2114 600 2160 ὅ(
616 2113 652 2159 in
669 2129 786 2159 tutum
806 2111 919 2158 versis
940 2110 1174 2175 aquilonibus
1194 2108 1333 2155 aelam:

358 2184 412 2231 Ni
431 2185 557 2232 frustra
574 2185 768 2250 augurium
788 2184 874 2231 vani
891 2185 1058 2231 docuere
1078 2199 1263 2248 parentes,

361 2258 525 2321 Adspice
543 2259 597 2304 bis
617 2259 727 2305 senos
752 2255 911 2303 laetantis
930 2256 1079 2321 agmine
1101 2274 1264 2319 cycnos,

363 2331 529 2378 AEtheria
548 2350 644 2395 quos
661 2331 760 2396 lapsa
780 2332 888 2395 plaga
907 2330 1009 2378 Iovis
1028 2330 1101 2376 ales
1122 2345 1255 2393 aperto

362 2404 552 2450 Turbabat
570 2405 693 2451 coelo:
727 2423 826 2450 nunc
854 2419 966 2450 terras
994 2401 1125 2449 ordine
1156 2401 1281 2466 longo

363 2479 441 2524 Aut
461 2495 622 2542 capere,
649 2494 709 2526 aut
738 2494 858 2542 captas
889 2479 963 2543 jam
992 2476 1205 2541 despeStare
1235 2476 1420 2525 videntur.
1456 2491 1458 2494 ’

1548 584 1637 627 370

1553 956 1637 999 375

1556 1309 1645 1362 380

1531 2051 1647 2094 390

1559 2419 1643 2491 395
