1715 3028
443 103 483 154 a&
499 139 504 143 .
609 100 614 104 ‘

341 144 778 216 AEmmos
824 171 975 217 ΜΒ.
1017 170 1100 215 11.
1298 170 1411 233 169⁷

94 282 136 324 In
158 276 317 323 flammas
339 276 380 323 ἃ
398 275 436 322 in
456 295 553 322 arma
569 276 694 323 feror:
717 294 794 339 quo
812 275 918 322 tristis
937 276 1099 340 Erinnys
1115 312 1128 331 ⁹

96 353 191 411 Quo
209 348 374 394 fremitus
393 365 506 395 vocat
524 385 535 403 ‚
556 349 595 396 <Sc
614 349 771 395 sublatus
790 350 835 395 ad.
854 350 990 397 aethera
1010 351 1162 398 clamor.

93 421 249 468 Addunt
268 420 305 467 se
327 420 450 468 socios
470 421 635 486 Ripheus
651 457 663 475 ‚
694 421 734 469 δέ
753 421 929 467 maximus
956 422 1064 468 armis

92 498 235 559 Epytus
252 516 260 540 :
294 495 409 542 oblati
428 515 495 560 per
513 496 635 542 lunam
652 495 897 560 Hypanisque
914 495 1131 559 Dymasque
1150 516 1159 540 τ
1294 514 1383 554 340

91 572 140 615 Et
168 569 272 615 lateri
299 569 557 633 adglomerant
589 566 716 614 nostro
738 588 747 612 z
777 567 1001 632 juvenisque
1028 568 1219 615 Coroebus

94 643 370 708 Mygdonides.
401 643 477 689 Illis
502 643 547 689 ad
574 642 730 705 Trojam
759 642 858 688 forte
879 642 1009 689 diebus

92 717 285 769 Venerat,
310 713 439 761 insano
461 714 668 760 Caffandrae
685 713 856 759 incensus
877 732 1005 760 amore
1024 734 1033 759 :

91 789 140 832 Et
162 805 280 851 gener
297 786 474 833 auxilium
499 786 645 833 Priamo
667 785 951 851 Phrygibusque
971 787 1125 834 ferebat.

90 862 226 910 Infelix
244 899 256 917 ‚
283 862 346 927 qui
366 881 445 909 non
464 861 611 927 sponsae
632 876 821 926 praecepta
839 861 994 908 furentis
1298 876 1381 918 345

91 936 274 983 Audierit.
546 955 548 957 ·

38 1024 40 1029 ’
93 1013 208 1071 Quos
231 1011 293 1056 ubi
315 1010 508 1057 confertos
526 1010 664 1057 audere
684 1009 721 1056 in
741 1009 876 1075 proelia
894 1009 973 1056 vidi
991 1046 1004 1064 ‚

93 1084 241 1148 Incipio
263 1084 371 1148 super
389 1084 466 1130 his:
495 1088 651 1131 Iuvenes
666 1120 678 1138 ‚
696 1084 885 1131 fortiffima
903 1085 1031 1131 frustra

95 1157 252 1203 Pefitora
272 1192 284 1210 ‚
313 1156 338 1201 fi
358 1157 468 1203 vobis
486 1157 683 1203 audentem
703 1173 865 1204 extrema
886 1157 1026 1220 cupido

96 1231 210 1276 Certa
235 1230 337 1294 sequi
353 1266 365 1284 ‚
384 1234 500 1294 (quae
521 1230 564 1276 fit
588 1232 697 1277 rebus
721 1231 872 1279 fortuna
899 1229 1062 1277 videtis:
1298 1247 1388 1291 350

94 1305 290 1350 Excessere
311 1323 441 1350 omnes
467 1305 586 1369 adytis
606 1305 752 1368 arisque
779 1304 915 1350 reliffis

92 1380 142 1423 Di
160 1413 172 1431 ‚
192 1376 325 1439 quibus
346 1376 543 1439 imperium
562 1377 636 1422 hoc
653 1377 829 1434 steterat)
851 1375 1057 1421 succurritis
1077 1375 1158 1421 urbi

90 1449 267 1496 Incensae.
302 1448 537 1503 Mmiamur,
558 1448 599 1495 Sc
616 1448 654 1494 in
672 1449 794 1494 media
815 1467 912 1495 arma
933 1467 1089 1494 ruamus.

91 1526 177 1570 Una
195 1523 288 1569 salus
312 1516 417 1569 viffis
434 1559 446 1577 ‚
470 1524 608 1570 nullam
627 1523 773 1587 sperare
791 1523 957 1569 salutem.

92 1595 154 1642 Sic
171 1595 298 1642 animis
319 1597 498 1659 juvenum
523 1596 628 1642 furor
645 1596 801 1642 additus.
826 1596 916 1641 Inde
935 1630 947 1649 ‚
970 1593 1051 1658 lupi
1076 1611 1146 1639 ceu
1296 1600 1380 1656 3'55

90 1673 276 1735 Raptores
298 1685 373 1716 atra
391 1670 429 1715 in
447 1670 607 1724 nebula,
633 1688 729 1733 quos
748 1669 920 1733 improba
939 1666 1079 1714 ventris
1124 1685 1131 1687 *

91 1744 230 1808 Exegit
257 1764 377 1791 caecos
404 1744 523 1790 rabies
542 1780 554 1798 ‚
584 1744 771 1807 catulique
796 1743 915 1789 reliffi

92 1817 273 1864 Faucibus
294 1817 506 1881 exspectant
524 1817 626 1863 siccis
642 1839 652 1870 ·,
671 1836 738 1881 per
757 1817 855 1870 tela,
876 1835 943 1880 per
962 1815 1076 1862 hostis

91 1891 270 1937 Vadimus
290 1891 386 1938 haud
410 1891 559 1936 dubiam
578 1890 614 1936 in
634 1905 794 1936 mortem
811 1910 819 1934 :
839 1889 1048 1952 mediaeque
1072 1905 1236 1935 tenemus

89 1966 202 2012 Urbis
222 1966 302 2013 iter.
328 1970 419 2014 Nox
438 1983 513 2013 atra
535 1985 624 2012 cava
641 1965 884 2012 circumvolat
900 1964 1039 2010 umbra.
1292 1969 1381 2021 360

91 2041 190 2102 Quis
209 2041 350 2088 cladem
370 2041 467 2088 illius
492 2041 608 2087 noffis
627 2076 639 2094 .,
666 2040 748 2104 quis
766 2039 893 2085 funera
909 2038 1021 2084 fando

93 2115 265 2178 Explicet
280 2151 292 2170 ‚
317 2131 377 2162 aut
402 2115 511 2179 poffit
528 2113 687 2160 lacrimis
705 2131 850 2176 aequare
869 2112 1050 2158 labores?

90 2188 190 2233 Urbs
204 2188 354 2252 antiqua
373 2188 444 2235 ruit
457 2224 470 2242 .,
489 2187 627 2233 multos
645 2186 833 2232 dominata
853 2204 920 2250 per
937 2203 1056 2231 annos
1077 2205 1086 2229 z

92 2260 253 2307 Plurima
273 2279 415 2325 perque
434 2260 511 2307 vias
529 2259 736 2305 sternuntur
762 2257 894 2303 inertia
918 2256 1041 2320 paffim

92 2336 292 2398 Corpora,
315 2352 458 2398 perque
477 2334 612 2379 domos
635 2332 675 2379 ἃ
692 2330 869 2394 religiosa
886 2333 1057 2376 Deorum
1289 2337 1344 2390 36
1355 2349 1372 2392 5

15 2408 28 2429 '⁷⁹
93 2407 244 2453 Limina.
265 2410 348 2453 Nec
371 2407 442 2453 soli
464 2425 593 2471 poenas
613 2407 700 2452 dant
720 2404 897 2469 sanguine
914 2406 1050 2450 Teucri
1068 2425 1077 2449 z

91 2478 300 2543 Quondam
319 2478 428 2526 etiam
447 2478 553 2527 viffis
571 2477 668 2525 redit
691 2477 728 2523 in
747 2476 954 2542 praecordia
976 2476 1120 2545 virtus}
