1715 3028
1194 28 1202 50 Ι

427 137 448 149 Χ

323 160 414 216 3‘92
666 155 722 198 P.
779 154 1031 199 VIRJG
1066 156 1158 200 IL
1193 157 1334 202 I'l.

319 261 475 308 Desiluit
492 264 639 307 Turnus
657 260 819 326 bijugis3
839 262 952 327 pedes
971 280 1120 327 apparat
1136 263 1189 310 ire

320 333 551 380 Comminus.
569 337 697 397 thue
715 333 778 381 leo
793 369 805 388 ,
827 335 976 399 specula
998 354 1081 382 cum
1100 335 1194 382 vidit
1212 336 1256 382 ab
1275 336 1346 382 alta
1371 357 1379 363 ’
1444 360 1447 365 ¹

315 411 420 452 Stare
440 407 575 470 procul
593 407 728 472 campis
747 408 983 455 meditantem
1007 408 1044 455 in
1066 409 1198 473 proelia
1216 424 1355 456 taurum
1373 444 1386 465 ‚

314 479 481 525 Advolat
500 501 511 533 3
531 480 628 525 haud
648 480 716 526 alia
734 479 784 526 est
801 479 917 526 Turni
937 479 1122 525 venientis
1147 480 1284 544 imago.
1349 488 1353 492 ’

312 553 425 596 Hunc
444 551 507 597 ubi
526 552 748 616 contiguum
763 552 873 599 miffae
888 552 971 598 sore
991 551 1148 598 credidit
1168 551 1274 598 hastae
1289 587 1302 607 ‚

312 629 370 671 Ire
389 625 493 689 prior
512 627 628 672 Pallas
643 662 656 680 ,
676 626 700 672 fi
722 645 794 689 qua
812 626 888 673 fors
906 626 1057 689 adjuvet
1074 625 1199 673 ausum

310 698 462 745 Viribus
481 699 678 763 imparibus
694 722 704 754 3
726 718 976 764 magnumque
994 701 1043 747 ita
1059 701 1105 746 ad
1122 700 1260 747 aethera
1279 700 1372 747 fatur
1389 722 1399 746 :

310 776 381 818 Per
400 773 512 838 patris
529 773 729 838 hospitium
744 809 756 828 ,
778 772 817 820 ἃ
836 774 976 820 mensas
992 810 1005 829 ,
1023 793 1111 838 quas
1130 776 1273 821 advena
1291 775 1394 821 adisti
1411 810 1425 830 ‚

307 848 366 892 Te
386 864 522 909 precor
536 881 548 901 ‚
567 846 697 892 Alcide
715 883 731 901 ⁷-
749 846 882 910 coeptis
901 845 1119 911 ingentibus*
1138 847 1228 893 adsis
1251 868 1260 893 ε

311 923 448 966 Cernat
465 920 637 967 semineci
658 920 721 967 fibi
745 939 802 966 me
821 938 950 984 rapere
967 939 1064 966 arma
1082 939 1229 966 cruenta
1245 956 1257 974 ‚

307 993 576 1058 Victoremque
594 995 713 1040 ferant
733 993 931 1042 morientia
949 993 1085 1039 lumina
1101 994 1232 1040 Turni.

305 1067 435 1113 Audiit
453 1066 604 1113 Alcides
619 1067 794 1129 juvenem
808 1102 820 1120 ‚
837 1084 1088 1130 magnumque
1105 1066 1169 1113 sub
1192 1068 1268 1114 imo

308 1143 438 1188 Corde
459 1141 594 1205 premit
619 1141 795 1205 gemitum
811 1176 822 1194 ,
840 1139 1079 1204 lacrimasque
1100 1140 1232 1187 effudit
1249 1141 1388 1188 inanes.

304 1217 404 1260 Tum
425 1214 587 1260 Genitor
609 1228 731 1259 natum
753 1212 858 1258 diffis
875 1212 1016 1259 adfatur
1042 1211 1190 1259 amicis:

302 1290 381 1333 Stat
394 1287 454 1332 sua
473 1285 607 1349 cuique
626 1286 704 1331 dies
720 1306 731 1340 3
750 1286 864 1331 breve
884 1284 924 1331 &
939 1284 1177 1349 irreparabile
1191 1302 1335 1349 tempus

303 1359 487 1406 Omnibus
509 1358 557 1405 est
577 1358 686 1405 vitae:
707 1357 768 1404 sed
786 1357 918 1403 famam
936 1357 1137 1403 extendere
1156 1357 1283 1412 factis,

301 1435 387 1478 Hoc
406 1431 549 1478 virtutis
575 1449 681 1494 opuS.
712 1430 841 1492 Trojae
865 1430 929 1475 sub
950 1429 1134 1475 moenibus
1154 1430 1234 1475 altis

299 1510 378 1552 Tot
397 1504 496 1568 gnati
517 1504 687 1550 cecidere
711 1506 833 1548 Dctnn
852 1523 861 1546 :
886 1502 975 1564 quin
995 1501 1133 1547 occidit
1155 1520 1223 1546 una

297 1577 491 1641 Sarpedon
505 1611 517 1629 ‚
537 1593 616 1622 mea
636 1574 847 1639 progenies.
870 1573 986 1619 Etiam
1007 1574 1068 1619 sua
1083 1576 1251 1619 Turnum

298 1655 384 1696 Fata
404 1664 541 1695 vocant
555 1683 567 1701 ,
588 1647 777 1710 metasque
797 1646 871 1692 dati
891 1645 1064 1709 pervenit
1081 1645 1125 1690 ad
1144 1645 1226 1691 aevi.

295 1723 355 1768 Sic
376 1722 424 1768 ait
441 1758 453 1774 ,
477 1736 589 1785 atque
609 1720 745 1766 oculos
762 1718 984 1764 Rutulorum
1005 1717 1125 1779 rejicit
1145 1716 1254 1763 arvis.

293 1802 343 1843 At
363 1796 479 1842 Pallas
503 1794 644 1860 magnis
661 1793 794 1840 emittit
813 1793 952 1839 viribus
974 1792 1106 1837 hastam
1124 1827 1137 1846 ‚

294 1872 513 1937 vaginaque
532 1890 619 1917 cava
642 1870 847 1934 fulgentem
871 1869 1006 1932 deripit
1025 1868 1160 1914 ensem.

289 1948 356 1993 Illa
376 1947 505 1994 volans
520 1984 532 2001 ‚
552 1944 694 1990 humeri
715 1943 868 2008 surgunt
888 1961 957 2006 qua
974 1942 1138 2007 tegmina
1160 1941 1295 1987 summa
1313 1977 1327 1996 ‚

288 2018 447 2073 Incidit,
469 2034 580 2080 atque
601 2016 698 2062 viam
718 2016 829 2079 clipei
854 2014 984 2061 molita
1008 2033 1076 2079 per
1096 2032 1201 2067 oras,

288 2094 453 2139 Tandem
473 2092 584 2138 etiam
600 2109 736 2155 magno
755 2088 892 2136 strinxit
912 2089 959 2134 de
981 2107 1144 2152 corpore
1161 2085 1292 2134 Turni.

283 2165 356 2210 Hic
375 2168 522 2210 Turnus
543 2163 643 2210 ferro
664 2163 855 2227 praefixum
876 2162 991 2208 robur
1010 2176 1122 2208 acuto

283 2241 325 2283 In
342 2238 505 2284 Pallanta
523 2237 584 2283 diu
605 2237 739 2283 librans
758 2236 844 2298 jacit
857 2272 869 2289 .,
888 2252 999 2298 atque
1016 2235 1066 2281 ita
1082 2234 1200 2280 fatur:

279 2311 443 2374 Adspice
465 2349 476 2366 ‚
498 2329 582 2357 num
600 2329 706 2374 mage
728 2310 769 2356 fit
793 2309 953 2356 nostrum
975 2307 1206 2373 penetrabile
1225 2308 1358 2354 «telum.

275 2381 428 2429 Dixerat
449 2404 459 2437 ·‚
481 2400 516 2429 at
533 2383 693 2447 clipeum
707 2419 718 2436 ,
738 2398 795 2429 tot
813 2381 898 2428 ferri
917 2399 1042 2445 terga„
1062 2397 1119 2427 tot
1137 2380 1217 2427 aeris
1237 2415 1251 2435 ‚

271 2458 367 2502 Cum
386 2456 494 2521 pellis
514 2457 583 2504 toti
596 2475 633 2504 es
655 2457 766 2503 obeat
786 2454 1007 2502 circumdata
1025 2453 1116 2501 tauri
1133 2489 1146 2508 ‚

1509 425 1596 469 455

1506 751 1619 831 460⁵

1497 1521 1587 1559 470

1490 1884 1575 1927 475

1485 2237 1576 2288 480

1691 2673 1698 2686 ¹*
1702 2627 1706 2635 r
1702 2604 1711 2616 ‹—
1696 2499 1715 2585 “Ka-⁴
1686 2410 1713 2487 *2NJ*
1700 2384 1713 2401 ‘f
1710 2346 1713 2352 v
