1715 3028
0 2454 2 2498 l

321 113 759 159 AENEIDOS
797 113 952 160 LIB.
1009 116 1064 158 V.

64 209 171 264 Haud
190 215 365 280 equidem
385 215 463 262 fine
485 232 612 263 mente
627 253 638 271 ,
661 235 749 263 reor
762 253 773 271 ,
793 215 868 263 fine
888 216 1035 264 numine
1057 217 1197 264 Divttm

64 290 248 337 Adsumus
264 325 276 343 ‚
306 289 346 337 ἃ
363 305 495 354 portus
512 291 628 337 delati
648 291 821 337 intramus
840 292 992 339 amicos.

66 368 172 428 'Ergo
191 365 289 430 agite
305 401 316 419 ,
344 365 385 412 δε
405 365 529 412 laetum
550 366 671 413 cunffi
695 367 926 413 celebremus
947 368 1158 416 honorem:

66 438 264 497 Poscamus
282 454 444 486 ventos:
464 458 576 505 atque
596 441 675 487 haec
693 459 773 487 mea
793 442 889 489 sacra
910 445 1110 507 quotannis

66 514 172 561 Urbe
189 514 282 560 velit
301 515 420 579 posita
438 516 588 580 templis
607 515 672 562 fibi
692 515 791 562 ferre
813 516 953 563 dicatis.

68 590 158 636 Bina
176 592 294 638 bourn
311 592 421 638 vobis
438 592 557 655 Troja
577 607 776 655 generatus
796 592 946 638 Acestes

68 667 143 710 Dat
162 684 318 712 numero
345 664 465 730 capita
484 665 521 711 in
543 665 658 711 navis.
679 665 870 711 Adhibete
892 666 1037 712 Penatis
1057 701 1071 720 ‚

71 740 119 784 Et
138 738 280 803 patrios
297 739 417 804 epulis
430 775 443 794 ‚
470 739 510 786 ὅ(
528 757 624 803 quos
646 738 740 785 colit
756 738 895 804 hospes
913 739 1078 786 Acestes.

73 814 255 859 Praeterea
270 848 280 867 ,
302 811 326 857 fi
346 831 447 859 nona
466 812 565 858 diem
589 812 809 859 mortalibus
835 813 971 859 almum

77 890 223 931 Aurora
242 884 442 939 extulerit,
462 884 646 949 radiisque
665 886 843 933 retexerit
860 887 991 933 orbem
1006 922 1018 941 ‚

76 957 198 1005 Prima
218 958 302 1004 citae
324 958 480 1005 Teucris
504 977 641 1022 ponam
663 959 862 1006 certamina
889 959 1014 1006 claffis.

80 1031 237 1095 Quique
254 1032 391 1096 pedum
415 1031 522 1078 cursu
540 1033 641 1079 valet
659 1068 672 1087 ‚
699 1033 739 1080 ἃ
757 1034 821 1097 qui
835 1070 846 1088 ‚
865 1033 1005 1080 viribus
1024 1033 1144 1080 audax
1164 1070 1177 1089 ‚

81 1107 159 1152 Aut
180 1106 308 1168 jaculo
329 1105 472 1153 incedit
488 1107 625 1154 melior
642 1144 653 1162 ‚
680 1109 902 1173 levibusque
923 1109 1061 1174 sagittis
1081 1146 1094 1166 ,

82 1184 156 1226 Seu
174 1182 290 1228 crudo
312 1182 393 1228 fidit
411 1200 576 1247 pugnam
597 1184 834 1230 committere
855 1184 987 1230 caestu:

86 1257 221 1303 Cunffi
238 1257 379 1313 adsint,
400 1260 616 1323 meritaeque
637 1259 851 1324 exspectent
871 1260 1019 1324 praemia
1039 1261 1186 1325 palmae.

86 1335 167 1378 Ore
184 1332 307 1379 favete
326 1351 456 1379 omnes
472 1368 484 1386 ‚
502 1332 542 1379 ἃ
560 1348 731 1397 tempora
752 1333 894 1397 cingite
915 1334 1034 1380 ramis.

89 1409 150 1454 Sic
168 1408 261 1454 fatus
276 1444 288 1462 3
310 1409 410 1455 velat
429 1424 595 1455 materna
614 1424 786 1473 tempora
807 1424 945 1472 myrto.

87 1486 173 1530 Hoc
192 1484 373 1548 Helymus
391 1483 477 1530 facit
492 1519 504 1538 ‚
523 1483 599 1529 hoc
618 1483 690 1542 aevi
708 1498 868 1529 maturus
888 1483 1065 1538 Acestes3

89 1561 174 1605 Hoc
191 1576 284 1622 puer
305 1557 483 1604 Ascanius
502 1578 511 1602 :
535 1556 702 1620 sequitur
719 1575 815 1621 quos
840 1573 961 1603 cetera
981 1558 1113 1622 pubes.

89 1631 158 1677 Ille
177 1650 198 1677 e
216 1630 383 1678 concilio
403 1631 528 1677 multis
547 1648 631 1677 cum
650 1630 815 1676 millibus
834 1629 908 1677 ibat

91 1705 151 1750 Ad
170 1705 351 1751 tumulum
365 1740 376 1759 ‚
395 1723 529 1769 magna
546 1705 689 1751 medius
709 1704 911 1751 comitante
933 1718 1093 1750 caterva.

93 1778 163 1824 Hic
182 1778 259 1824 duo
282 1777 352 1824 rite
370 1795 476 1824 mero
496 1777 615 1824 libans
641 1777 825 1823 carchesia
840 1777 988 1823 Baccho

96 1850 233 1897 Fundit
251 1850 352 1897 humi
368 1886 382 1904 ,
401 1851 479 1897 duo
497 1850 592 1897 laete
614 1870 720 1897 novo
736 1886 748 1905 a
771 1850 847 1896 duo
867 1849 1047 1913 sanguine
1067 1850 1171 1897 sacro
1192 1868 1201 1893 :

95 1924 385 1989 Purpureosque
407 1924 494 1988 jacit
514 1924 630 1971 flores
646 1960 659 1979 ‚
676 1942 719 1970 ac
736 1924 822 1970 talia
840 1924 933 1970 fatur
955 1942 964 1966 :

98 1999 208 2045 Salve
222 2034 235 2053 ‚
253 1999 377 2045 fauete
396 2017 528 2063 parens
543 2033 555 2052 ‚
575 1997 732 2044 iterum:
753 1997 893 2044 salvete
914 1998 1058 2061 recepti

100 2073 367 2138 Nequidquam
383 2074 526 2121 cineres
539 2110 551 2129 ‚
571 2073 779 2137 animaeque
795 2109 807 2127 ‚
825 2073 1041 2136 umbraeque
1062 2089 1240 2138 paternae.

103 2149 198 2193 Non
220 2146 327 2193 licuit
344 2147 428 2193 finis
446 2148 560 2194 Italos
575 2183 587 2202 ,
612 2145 810 2209 fataliaque
830 2163 916 2191 arva
931 2181 942 2198 ,

1268 129 1361 177 237

1311 526 1370 567 60

1329 1280 1388 1320 70

1333 1650 1388 1693 73

1344 2007 1403 2047 Se

104 2223 188 2267 Nec
207 2236 330 2268 tecum
349 2221 583 2276 Ausonium,
604 2220 818 2285 quicunque
837 2220 887 2266 est
902 2257 914 2275 .,
940 2239 1107 2283 quaerere
1127 2221 1327 2287 Thybrim

106 2296 263 2343 Dixerat
282 2297 389 2344 haec:
411 2299 531 2362 adytis
552 2317 636 2344 cum
654 2297 817 2344 lubricus
841 2297 971 2361 anguis
991 2298 1035 2343 ab
1055 2298 1136 2345 imis

108 2371 262 2434 Septem
282 2370 416 2436 ingens
435 2390 551 2436 gyros
567 2407 579 2426 ‚
601 2371 752 2435 septena
773 2370 968 2417 volumina
986 2372 1116 2426 traxit,

112 2444 315 2507 Amplexus
339 2445 487 2510 placide
505 2446 687 2493 tumulum
704 2481 717 2501 ‚
742 2445 939 2510 lapsusque
961 2464 1028 2510 per
1049 2464 1152 2492 aras:

1350 2379 1404 2435 85
