1715 3028
420 144 1044 191 BUCOLICA.1
1291 154 1375 203 43κ

74 272 124 303 Μ.
141 260 259 303 Immo
278 253 360 301 haec
373 289 385 309 ,
404 271 487 319 quae
503 257 605 317 Varo
625 270 693 300 nec
709 252 797 298 dum
814 251 976 316 perfetta
994 249 1157 297 canebat„

72 332 186 383 Vare,
205 343 306 375 tuum
328 345 465 375 nomen
487 327 659 391 (superet
677 326 795 372 modo
817 327 973 371 Mantua
992 324 1099 371 nobis
1114 358 1128 378 ‚

68 405 225 452 Mantua
244 422 303 449 vae
321 401 464 448 miserae
484 400 638 447 nimium
656 398 776 444 vicina
796 399 1049 456 Cremonael)

73 478 272 523 Cantantes
291 477 444 523 sublime
462 476 582 522 ferent
601 474 647 519 ad
665 472 781 518 fidera
799 472 918 536 cycni.

73 568 109 597 L.
132 549 192 595 Sic
210 567 270 597 tua
291 554 455 615 Cyrneas
472 549 613 612 fugiant
637 546 803 593 examina
822 562 947 591 taxos:
1298 561 1356 603 30

76 621 138 668 sie
161 623 281 688 cytiso
301 624 409 687 pastae
426 621 628 669 distendant
645 621 759 668 ubera
777 638 915 666 vaccae.

59 694 228 759 incipe,
246 695 271 740 fi
292 695 380 758 quid
398 694 520 741 habes.
543 693 584 741 &
601 712 661 740 me
679 693 804 740 fecere
822 709 975 757 poetam

75 769 259 815 Pierides:
293 768 374 814 sunt
392 768 431 815 ἃ
450 767 541 814 mihi
560 766 727 813 carmina.
759 784 820 813 rne
848 782 1004 830 quoque
1022 764 1152 813 dicunt

74 842 207 886 Vatem
225 840 413 905 pastores:
441 841 504 887 sed
523 859 600 887 non
621 857 698 904 ego
724 840 896 887 credulus
915 839 999 885 illis.

73 915 171 960 Nam
192 933 314 979 neque
332 915 451 962 adhuc
465 919 568 962 Varo
589 914 750 970 videor,
769 934 837 962 nec
857 915 983 962 dicere
1003 914 1123 962 Cinna
1167 950 1185 954 ·-
1301 926 1355 971 35

75 987 202 1051 Digna
219 1022 230 1041 ‚
250 987 314 1033 sed
332 1005 484 1053 argutos
511 987 605 1036 inter
623 989 785 1054 strepere
802 988 906 1036 anser
932 988 1072 1035 olores.

76 1079 125 1107 M.
146 1062 186 1110 Id
206 1063 356 1126 quidem
372 1082 445 1128 ago
461 1086 472 1119 3
507 1064 547 1112 δι
565 1065 694 1112 tacitus
709 1101 722 1120 .,
739 1065 878 1129 Lycida
893 1100 906 1119 ,
924 1081 1070 1111 mecum
1096 1061 1176 1127 ipse
1196 1059 1332 1108 voluto
1347 1094 1362 1114 2

77 1135 115 1180 Si
134 1135 278 1182 valeam
297 1137 522 1184 meminisse:
558 1156 681 1202 neque
699 1139 751 1185 est
769 1137 943 1203 ignobile
974 1154 1131 1184 carmen.

77 1208 161 1253 Huc
180 1208 265 1254 ades
284 1243 295 1263 ‚
316 1229 340 1255 o
362 1209 526 1256 Galatea.
549 1210 629 1274 quis
649 1211 699 1257 est
719 1229 800 1256 narn
817 1210 926 1256 ludus
943 1210 980 1255 in
999 1209 1133 1255 undis?

77 1281 148 1337 Hic
165 1298 231 1327 ver
247 1299 475 1345 purpureum
492 1304 500 1328 :
524 1283 649 1330 varios
669 1284 729 1330 hie
749 1282 899 1331 flumina
920 1281 1058 1334 circum
1299 1298 1357 1335 40

76 1354 211 1402 Fundit
229 1353 358 1401 humus
376 1356 515 1403 flores:
536 1356 597 1403 hic
615 1357 765 1403 candida
782 1357 947 1421 populus
968 1371 1075 1402 antro

76 1426 268 1482 Imminet,
288 1428 328 1476 &
347 1429 456 1475 lentae
475 1444 603 1476 texunt
622 1430 835 1477 umbracula
855 1431 960 1476 vites.

77 1501 160 1546 Huc
180 1501 289 1548 ades:
312 1501 427 1548 insani
447 1502 580 1550 feriant
598 1501 672 1549 fine
692 1503 804 1550 litora
821 1503 968 1550 flustus.

76 1594 112 1622 L.
134 1577 238 1637 Quid
254 1611 267 1631 ‚
285 1596 368 1641 quae
387 1594 424 1624 te
443 1597 534 1642 pura
553 1578 674 1626 solum
693 1578 758 1625 sub
778 1579 889 1625 noete
909 1592 1104 1625 canentem

78 1652 306 1699 Audieram?
325 1672 498 1700 numeros
517 1653 668 1700 memini
683 1689 696 1708 .‚
712 1652 738 1699 fi
759 1653 873 1700 verba
892 1668 1070 1700 tenerem.
1303 1670 1357 1712 45

79 1743 127 1771 M.
149 1727 326 1792 Daphni,
347 1729 434 1792 quid
453 1728 626 1793 antiquos
644 1728 833 1792 fignorum
851 1728 1001 1793 suspicis
1023 1724 1154 1775 ortus?

80 1802 180 1846 Ecce
198 1801 348 1849 Dionaei
366 1803 539 1866 proceffit
559 1803 714 1850 Caesaris
735 1803 888 1850 astrum:

80 1872 249 1927 Astmm,
268 1892 345 1937 quo
369 1873 513 1938 segetes
533 1876 737 1939 gauderent
761 1877 951 1940 frugibus:
975 1876 1015 1924 &
1032 1895 1111 1940 quo

81 1947 247 1993 Duceret
263 1948 395 2012 apricis
414 1950 451 1994 in
469 1949 630 1996 collibus
649 1968 721 1995 uva
741 1950 924 1996 colorem.

81 2018 203 2065 Insere
217 2055 229 2074 ‚
249 2020 423 2084 Daphni,
444 2022 570 2086 piros:
592 2012 746 2088 carpent
763 2037 824 2069 tua
841 2040 954 2086 poma
978 2036 1148 2086 nepotes,
1180 2024 1183 2025 ⁷
1307 2040 1361 2082 50

81 2091 218 2138 Omnia
237 2092 309 2140 fert
328 2109 435 2148 aetas,
454 2094 618 2141 animum
641 2113 805 2159 quoque.
829 2093 928 2158 saepe
946 2111 1021 2158 ego
1042 2094 1200 2158 longos,

82 2167 280 2214 Cantando
302 2187 458 2233 puerum
475 2170 627 2217 memini
645 2189 706 2216 me
726 2170 890 2217 condere
910 2169 1020 2216 soles.

79 2240 188 2286 Nune
205 2241 319 2288 oblita
339 2242 427 2291 mihi
447 2259 506 2290 tot
523 2243 692 2289 carmina.
712 2261 789 2289 vox
808 2260 962 2306 quoque
980 2239 1136 2288 Moerim

79 2315 155 2377 Jam
172 2313 266 2378 fugit
282 2314 381 2379 ipsa:
402 2317 481 2380 lupi
499 2317 656 2363 Moerim
678 2317 808 2363 videre
834 2315 993 2380 priores.

81 2387 155 2432 Sed
173 2405 292 2435 tamen
310 2387 372 2434 ista
390 2388 472 2435 satis
491 2389 628 2436 referet
645 2389 713 2436 tibi
736 2388 832 2454 saepe
851 2389 1054 2437 Menalcas.
1305 2407 1355 2452 55

81 2476 115 2513 L
137 2459 332 2507 Causando
353 2460 498 2509 nostros
519 2460 555 2508 in
572 2461 729 2527 longum
749 2460 851 2513 ducis
868 2479 1026 2511 amores„
