1715 3028
430 130 1020 193 BUCOLJCA

72 253 306 301 Concubitus
322 289 334 308 ,
354 253 522 318 quamvis
538 254 649 301 collo
669 254 842 300 timuiffet
859 269 1017 301 aratrum
1030 288 1044 308 ‚

70 330 118 374 Et
135 329 232 393 saepe
253 329 289 374 in
311 328 388 375 levi
412 328 594 392 quaesiffet
611 344 752 375 cornua
770 328 908 374 fronte.

6 431 11 435 ,
69 404 130 449 Ah
145 440 159 459 ,
182 403 294 468 virgo
314 404 445 451 infelix
460 440 473 460 ,
499 421 538 451 tu
559 422 656 450 nunc
673 403 712 449 in
731 403 925 450 montibus
945 421 1042 450 erras
1063 423 1072 448 ε

68 478 138 523 Ille
157 514 169 533 ‚
189 478 281 524 latus
301 477 452 525 niveum
473 476 581 524 molli
600 476 713 523 fultus
731 475 939 541 hyacintho
959 511 972 530 ‚
1003 487 1005 490 ⁴

69 549 160 596 llice
186 549 250 597 sub
270 550 374 615 nigra
393 550 568 616 pallentis
591 549 751 596 ruminat
773 549 904 597 herbas
922 573 932 597 :

1318 163 1375 210 31

1316 271 1373 313 §Q

70 625 148 669 Aut
167 623 326 687 aliquam
344 623 382 669 in
399 641 539 688 magno
553 622 719 686 sequitur
741 641 869 688 grege.
904 623 1065 671 claudite
1083 624 1294 690 Nymphae,
1318 644 1375 689 55¹

71 696 224 743 Di&aeae
242 697 430 761 Nymphae
444 733 456 752 ‚
473 715 670 743 nemorum
688 697 761 759 jam
782 696 944 744 claudite
967 697 1076 744 saltus
1095 718 1104 741 :

70 768 108 813 Si
125 787 195 831 qua
211 769 309 815 forte
327 769 449 816 ferant
470 769 588 817 oculis
608 768 687 815 sese
709 769 823 815 obvia
844 769 977 815 nostris

70 843 282 889 Errabunda
305 842 416 890 bovis
434 843 599 909 vestigia.
618 842 779 910 *forsitan
800 842 904 909 illum

69 918 145 961 Aut
164 915 277 962 herba
296 932 441 980 captum
460 916 572 963 viridi
591 954 603 972 ‚
629 932 690 963 aut
711 933 873 964 armenta
898 917 1063 964 secutum
1083 953 1096 973 ‚

69 989 277 1035 Perducant
295 989 430 1053 aliquae
449 991 585 1037 stabula
612 991 657 1037 ad
677 991 868 1056 Gortynia
887 1009 1025 1037 vaccae.

68 1063 166 1106 Tum
188 1060 284 1107 canit
303 1061 552 1126 Hesperidum
570 1064 736 1110 miratam
755 1065 851 1110 mala
871 1065 1061 1128 puellam:

67 1135 166 1178 Tum
185 1133 494 1180 Phaethontiadas
516 1135 645 1181 musco
671 1135 876 1181 circumdat
896 1154 1028 1181 amarae

71 1205 236 1251 Corticis
256 1241 269 1259 ‚
291 1221 402 1269 atque
423 1206 509 1252 solo
528 1224 706 1270 proceras
726 1207 838 1270 erigit
857 1208 979 1253 alnos.

68 1281 165 1325 Tum
181 1279 300 1332 canit,
320 1295 503 1326 errantem
520 1280 691 1326 Permeffi
711 1281 756 1326 ad
776 1280 926 1326 fiumina
946 1279 1098 1327 Gallum

67 1354 194 1398 Aonas
219 1351 256 1396 in
283 1352 420 1398 montis
445 1368 486 1399 ut
509 1353 658 1398 duxerit
678 1372 749 1399 una
770 1353 969 1400 sororum:

65 1425 194 1486 thue
214 1423 297 1470 viro
315 1424 447 1471 Phoebi
467 1425 603 1471 chorus
622 1425 870 1471 adsurrexerit
896 1426 1014 1472 omnis
1034 1447 1043 1471 ε

67 1501 118 1543 Ut
135 1497 242 1542 Linus
261 1496 341 1542 haec
361 1496 416 1543 illi
434 1497 565 1544 divino
586 1498 748 1544 carmine
765 1498 889 1563 pastor
906 1534 919 1553 ‚

64 1570 239 1617 Floribus
259 1585 370 1634 atque
388 1571 476 1635 apio
500 1571 607 1617 crinis
630 1588 777 1618 ornatus
798 1591 926 1619 amaro
948 1608 961 1627 ‚

10 1693 14 1695 μ
68 1644 215 1691 Dixerit
233 1665 241 1690 z
263 1647 344 1691 Hos
364 1645 431 1692 tibi
451 1646 537 1692 dant
556 1646 719 1692 calamos
738 1650 813 1706 (en
833 1646 992 1711 accipe)
1013 1647 1164 1705 Musaeg
1201 1700 1203 1702 ,

67 1717 222 1764 Ascraeo
249 1719 345 1781 quos
373 1733 459 1765 ante
481 1718 583 1764 seni:
605 1718 740 1782 quibus
761 1718 826 1765 ille
849 1719 994 1767 solebat

70 1789 265 1836 Cantando
285 1789 422 1852 rigidas
447 1790 637 1837 deducere
656 1790 846 1838 montibus
868 1808 995 1839 ornos.

69 1865 138 1912 His
161 1864 228 1910 tibi
249 1864 397 1928 Grynei
416 1865 580 1911 nemoris
601 1866 743 1912 dicatur
768 1868 881 1931 origo
898 1889 906 1913 :

71 1942 132 1985 Ne
153 1937 233 2002 quis
251 1937 295 1984 sit
314 1939 417 1984 lucus
433 1973 445 1992 .‚
465 1957 542 2001 quo
562 1938 600 1984 se
619 1940 702 2003 plus
722 1940 832 2003 jactet
852 1942 1013 2004 Apollo.

72 2013 177 2074 Quid
199 2012 335 2076 loquar
353 2027 415 2058 aut
437 2011 601 2076 Scyllam
615 2012 692 2060 Nisi
705 2049 718 2068 .,
735 2032 845 2077 quam
863 2014 956 2060 fama
977 2014 1101 2063 secuta
1121 2019 1202 2073 esti

72 2084 243 2131 Candida
261 2084 482 2132 succinctam
500 2084 718 2132 latrantibus
737 2087 891 2150 inguina
910 2088 1082 2136 monstris

72 2158 262 2206 Dulichias
282 2159 427 2205 vexaffe
448 2174 541 2206 rates
561 2195 574 2213 ‚
602 2158 642 2206 &
663 2159 812 2223 gurgite
833 2160 870 2206 in
889 2161 967 2208 alto

71 2232 214 2292 (Ah'.)
239 2231 392 2279 timidos
416 2248 542 2279 nautas
564 2232 712 2278 canibus
731 2232 904 2280 laceraffe
925 2234 1071 2281 marinis
1090 2242 1106 2282 ἓ

71 2309 146 2353 Aut
164 2321 204 2352 ut
224 2322 383 2352 mutatos
401 2306 515 2354 Terei
534 2305 734 2353 narraverit
757 2321 855 2352 artus
873 2327 882 2351 t

71 2383 177 2441 Quas
195 2380 249 2426 illi
270 2379 480 2427 Philomela
497 2370 609 2446 dapes
631 2416 644 2436 ‚
669 2399 752 2445 quae
769 2381 870 2428 dona
889 2382 1023 2446 pararit
1041 2389 1056 2428 ἓ

71 2458 166 2521 Quo
187 2455 294 2505 cursu
309 2455 454 2506 deserta
471 2455 680 2522 petiverit,
704 2455 753 2513 ,ἃ
775 2457 907 2523 quibus
927 2473 1011 2517 ante

1315 997 1374 1040 oo

1316 1738 1378 1779 7&

1309 2467 1373 2513 &a
