1715 3028
309 163 404 198 210

463 343 527 400 P.
580 341 963 399 VIRGILII
1039 337 1451 398 MARONIS

307 429 1633 610 AENEIDOS

664 703 1060 750 LIBER
1143 706 1286 753 IV.

623 965 1292 1006 ARGUMENTUM.

312 1085 418 1126 Dido
435 1099 562 1125 amore
577 1087 717 1126 AEneae
736 1086 916 1125 insaniens
932 1117 945 1133 ‚
961 1087 1072 1125 animi
1087 1085 1138 1125 sui
1154 1087 1329 1126 morbum
1347 1085 1460 1125 sorori
1475 1086 1589 1141 aperit
1601 1103 1615 1129 z

366 1148 516 1201 ejusque
537 1148 723 1187 confilium
751 1149 872 1188 secuta
884 1181 896 1196 ,
923 1149 970 1188 ad
998 1150 1139 1202 nuptias
1168 1151 1332 1188 animum
1355 1149 1494 1203 adjicit,
1520 1149 1618 1189 Iuno

366 1225 515 1265 quoque
530 1242 541 1260 ‚
559 1221 599 1250 ut
614 1211 773 1249 AEneam
790 1211 932 1249 facilius
945 1211 992 1249 ab
1006 1211 1107 1251 Italia
1119 1221 1322 1261 averteret3
1344 1212 1418 1266 agit
1432 1227 1518 1252 cum
1533 1212 1616 1252 Ve—

366 1286 451 1312 nere
468 1303 481 1319 ,
504 1282 543 1310 ut
569 1271 645 1324 ejus
660 1271 762 1310 bona
786 1286 870 1311 cum
890 1274 1001 1312 venia
1017 1272 1122 1313 liceat
1145 1274 1284 1313 AEneae
1301 1272 1434 1313 Elisam
1460 1276 1615 1314 uxorein

367 1338 521 1377 ducere:
537 1351 685 1391 quoque
700 1338 734 1376 id
752 1339 985 1377 commodius
1002 1338 1077 1378 fieri
1092 1339 1224 1393 possit,
1251 1339 1285 1379 se
1304 1342 1614 1393 opportunitatem

365 1400 572 1439 oblaturam
589 1399 757 1440 ostendit.
778 1400 958 1440 Postridie
973 1402 1109 1441 AEneas
1125 1402 1164 1442 ὃ(
1182 1401 1287 1441 Dido
1300 1415 1478 1441 venatum
1492 1402 1614 1455 profi-

368 1462 563 1502 ciscuntur.
596 1462 651 1501 Ibi
675 1464 848 1501 omnibus
875 1463 949 1515 jam
975 1464 1130 1515 praedae
1153 1465 1300 1502 intentis
1326 1464 1424 1516 Juno
1457 1464 1615 1505 subitam

365 1526 529 1564 immittit
555 1523 838 1576 tempestatem:
862 1526 1013 1563 comites
1039 1525 1125 1562 alius
1153 1524 1224 1562 alio
1250 1523 1462 1577 diffugiunt:
1478 1525 1618 1564 AEneas

366 1586 408 1625 δε
424 1585 527 1624 Dido
545 1585 581 1622 in
598 1585 695 1623 idem
710 1596 854 1623 antrum
871 1585 1106 1632 conveniunt,
1117 1584 1235 1637 ibique
1254 1583 1412 1622 infaustis
1429 1585 1619 1623 ominibus

367 1647 650 1701 conjunguntur.
664 1647 814 1687 Interim
831 1648 972 1700 jupiter
986 1678 999 1694 ,
1019 1648 1149 1700 Jarbae
1162 1646 1386 1687 Getulorum
1397 1648 1516 1701 regis,
1535 1647 1618 1703 (qui

367 1711 556 1750 advenam
571 1710 635 1749 fibi
659 1710 833 1764 praeferri
851 1713 975 1763 iniquo
996 1712 1122 1748 animo
1148 1709 1319 1761 ferebat)
1338 1711 1507 1762 precibus
1527 1710 1618 1749 fati-

365 1783 472 1826 gatus
486 1803 497 1821 ‚
516 1772 747 1811 Mercurium
763 1774 873 1811 mittit
891 1772 939 1811 ad
963 1773 1123 1811 AEneam
1136 1803 1149 1819 ,
1167 1773 1389 1825 mandatque
1403 1802 1419 1819 ‚
1439 1786 1480 1810 ut
1495 1772 1616 1812 relicia

367 1833 496 1873 Africa
514 1834 550 1871 in
571 1833 712 1872 Italiam
731 1833 893 1886 naviget.
924 1832 988 1871 Ille
1002 1833 1109 1885 Jovis
1125 1833 1281 1885 imperio
1299 1847 1443 1872 morem
1465 1846 1619 1886 gerens,

367 1908 607 1947 quaecunque
623 1895 670 1933 ad
691 1896 973 1948 navigationem
995 1905 1098 1933 erant
1115 1893 1313 1933 necessaria
1325 1926 1338 1941 ‚
1363 1894 1459 1933 clam
1473 1909 1538 1948 per
1553 1894 1618 1934 so-

369 1957 449 1994 cios
463 1956 584 2009 parari
600 1955 715 2009 jubet.
741 1956 920 1996 Ceterum
936 1956 1042 1995 Dido
1055 1986 1070 2003 ,
1091 1957 1154 1994 ubi
1171 1954 1316 1994 classem
1329 1955 1516 1994 instaurari
1530 1955 1619 1995 sen-

367 2017 411 2056 slt
423 2048 434 2066 ‚
455 2017 631 2071 suspicata
646 2019 683 2057 id
699 2019 799 2072 quod
814 2034 869 2058 res
885 2030 960 2058 erat
973 2050 987 2066 ,
1008 2019 1169 2072 graviter
1185 2031 1269 2057 cum
1289 2016 1367 2070 ipso
1384 2017 1588 2071 expostulat
1601 2048 1616 2068 ,

370 2080 610 2132 precibusque
626 2082 666 2120 ὃς
685 2081 839 2119 lacrimis
864 2094 942 2120 tum
957 2096 1022 2134 per
1045 2081 1080 2120 se
1094 2080 1205 2133 ipsam
1221 2110 1233 2126 ‚
1250 2091 1327 2118 tum
1341 2094 1406 2132 per
1426 2081 1588 2121 sororem
1601 2112 1618 2129 ‚

371 2156 459 2181 eum
473 2143 519 2180 ab
542 2145 689 2196 incepto
714 2158 891 2183 revocare
908 2156 1070 2183 conatur.
1088 2144 1226 2183 AEneas
1247 2144 1379 2181 iterum
1396 2147 1434 2183 in
1449 2143 1581 2183 somnis
1596 2158 1619 2184 a

372 2204 559 2243 Mercurio
583 2206 793 2244 admonitus
807 2232 818 2254 9
840 2206 1054 2261 intempesta
1079 2206 1185 2245 nocie
1202 2207 1381 2246 anchoras
1401 2207 1521 2247 solvit.
1553 2208 1620 2248 Illa

371 2264 508 2302 doloris
538 2265 753 2317 impatiens,
778 2268 814 2303 in
841 2266 1033 2305 editissima
1058 2268 1203 2306 aedium
1232 2279 1333 2319 parte
1351 2299 1364 2315 ,
1389 2268 1620 2309 simulatione

370 2323 557 2363 sacrorum
570 2355 584 2371 ,
603 2327 787 2379 ingentem
810 2341 946 2381 pyram
961 2328 1109 2365 exstruit
1119 2357 1133 2373 ,
1149 2327 1387 2380 ablegataque
1401 2329 1544 2376 Barce,
1562 2329 1620 2368 Si-

372 2387 480 2426 chaei
495 2391 634 2427 nutrice
648 2420 660 2437 ‚
680 2404 724 2428 ne
738 2392 825 2442 quid
838 2390 1037 2430 destinatae
1048 2391 1159 2431 morti
1171 2391 1425 2442 impedimemi
1439 2390 1593 2431 adferret
1603 2421 1617 2439 ,

372 2463 503 2490 necem
526 2450 591 2491 sibi
607 2452 807 2494 consciscit.
1642 2453 1643 2456 ¹
