1715 3028
1330 195 1382 245 53

247 332 308 388 P.
361 324 742 387 VIRGILII
819 312 1227 381 MARONIS

95 384 1387 575 oEoRGICON

686 631 795 665 AD

203 740 257 787 C.
305 739 662 787 CILNIUM
713 735 1295 783 MAECENATEM·

122 827 130 831 ⁴
475 871 511 915 L
562 870 593 913 I
640 869 682 914 B
736 869 779 914 E
832 868 879 914 R,
971 868 1011 914 J,
1126 829 1128 831 >

825 1017 987 1031 ——

341 1116 1127 1182 ARGUMENTUM.

95 1241 274 1282 Continet
292 1236 350 1280 hic
368 1239 457 1288 liber
475 1237 762 1293 propofitionem
783 1238 897 1277 totius
914 1237 1032 1290 operis
1043 1267 1057 1283 ,
1074 1236 1223 1289 ejusque
1244 1236 1389 1277 divisio·

151 1318 237 1343 nem
258 1301 542 1357 quadruplicem.
570 1300 673 1339 Tum
694 1300 852 1353 sequitur
873 1298 1044 1340 Deorum
1061 1299 1271 1347 invocatio,
1289 1309 1393 1351 quot·
1444 1322 1447 1325 ·

149 1377 241 1418 quot
266 1363 416 1403 rusticae
442 1362 644 1416 praefident
667 1363 744 1411 rei,
772 1376 863 1415 quos
890 1361 981 1399 inter
1004 1359 1218 1400 Octaviano
1242 1359 1392 1400 Caesari

149 1427 251 1465 locus
274 1426 459 1465 tribuitur:
475 1439 578 1464 novo
596 1424 678 1464 sane
701 1425 766 1463 illis
787 1424 1015 1476 temporibus
1033 1424 1392 1463 adulationis‘exem-

149 1489 235 1542 plo3
259 1501 333 1541 quo
361 1486 490 1526 deinde
516 1486 685 1526 Lucanus
707 1488 744 1526 in
766 1486 946 1526 Pharsalia
961 1515 974 1532 ,
1005 1486 1046 1525 &
1068 1485 1199 1524 Statius
1220 1486 1255 1523 in
1281 1484 1392 1524 The-

149 1550 259 1589 baide
272 1580 285 1596 ,
311 1549 357 1588 ad
381 1549 529 1588 laudem
551 1549 713 1589 Neronis
737 1550 777 1589 &
792 1549 1000 1588 Domitiani
1021 1547 1273 1586 immodestius
1294 1546 1394 1586 abusi

149 1610 241 1650 sunt.
265 1610 393 1664 Atque
407 1611 497 1650 haec
518 1611 671 1650 exordio
696 1610 1066 1664 comprehenduntur.
1089 1610 1198 1650 Liber
1211 1625 1304 1651 vero
1321 1610 1395 1663 ipse

150 1672 210 1712 sex
228 1672 337 1711 habe‘t
351 1685 483 1725 parteS.
515 1673 543 1712 I.
560 1672 804 1725 Multiplicem
821 1674 896 1726 agri
912 1672 1056 1711 colendi
1072 1674 1270 1720 rationem,
1291 1673 1395 1724 juxta

152 1736 293 1773 variam
313 1734 392 1784 ejus
408 1747 585 1777 naturam.
607 1735 653 1774 Π.
668 1735 920 1789 Agriculturae
935 1736 1126 1789 originem.
1149 1735 1216 1777 III.
1229 1735 1394 1789 Agrico-

152 1798 268 1836 larum
296 1797 540 1838 instrumenta.
580 1798 650 1840 IV.
679 1798 919 1838 Rusticorum
951 1809 1105 1852 operum
1130 1810 1314 1852 tempora.
1337 1798 1392 1839 V,

153 1858 434 1912 Tempestatum
455 1860 697 1913 prognostica.
732 1861 802 1902 VI.
823 1860 1096 1914 Digreffionem
1113 1861 1160 1900 ad
1179 1863 1281 1901 varia
1300 1877 1395 1916 pro—

154 1921 254 1974 digia
273 1951 285 1969 ‚
313 1935 406 1974 quae
433 1921 585 1960 caedem
611 1921 691 1959 Iulii
716 1922 879 1962 Caesaris
906 1932 967 1961 aut
1000 1922 1296 1975 praecesserunt,
1333 1934 1395 1963 aut

156 1982 344 2031 subsecuta
356 1982 447 2021 sunt.
462 1982 637 2035 Denique
649 2014 661 2032 ‚
677 1982 821 2037 Epilogi
831 1983 916 2022 loco
926 2014 940 2030 ,
950 1983 1056 2022 Deos
1070 1999 1138 2037 pro
1148 1985 1395 2026 incolumitate

156 2042 356 2083 Octaviani
373 2075 386 2091 ‚
412 2045 453 2084 ὃ(
468 2058 536 2097 pro
552 2043 660 2084 salute
675 2044 802 2098 populi
816 2044 976 2098 Romani
990 2042 1169 2097 precatur.
1190 2046 1336 2087 Tamen
1350 2061 1397 2089 ex

156 2107 196 2145 iis
213 2137 224 2155 ‚
245 2106 468 2159 aliorumque
490 2106 664 2150 librorum
681 2108 882 2160 praeceptis
898 2137 911 2156 ,
934 2120 1013 2144 non
1028 2121 1144 2159 pauca
1159 2107 1371 2150 obsolevere
1382 2138 1396 2155 2

157 2169 338 2207 contrario
360 2168 422 2206 usu
446 2162 915 2224 posteriorum'temporum
932 2198 945 2215 ,
975 2167 1182 2208 nostrorum
1209 2170 1369 2223 inprimis
1379 2200 1407 2225 -az

158 2245 253 2283 quae
268 2230 381 2269 multa
393 2262 407 2278 ‚
431 2242 471 2270 ut
484 2230 620 2276 artibus
634 2232 760 2277 ceteris
772 2260 786 2277 ‚
808 2232 856 2274 ita
870 2231 954 2270 huic
972 2244 1118 2285 quoque
1133 2231 1317 2273 addidere.

89 2343 347 2482 ·QU1D
375 2410 484 2458 faciat
509 2413 609 2458 laetas
637 2412 781 2476 segetes
801 2447 813 2465 ‚
838 2431 916 2476 quo
940 2412 1056 2459 fidere
1076 2427 1208 2460 terram

103 2486 262 2532 Vertere
282 2519 295 2539 ,
323 2487 540 2540 Maeoenaz,
559 2485 742 2550 ulmisque
761 2486 967 2550 adjungere
987 2486 1082 2532 vites

1053 2563 1155 2623 DJ}-
