1715 3028
303 174 400 221 420
644 152 1296 206 1¹>.VrRGrrer>

301 263 412 325 Quid
432 260 585 310 miseros
605 262 718 309 toties
736 261 773 308 in
791 277 916 326 aperta
936 262 1100 326 pericula
1119 262 1209 308 civis

304 336 462 400 Pro'jicis
477 372 489 390 ‚
511 356 534 383 o
555 336 658 382 Latio
676 350 791 400 caput
806 334 941 382 horum
963 335 1002 382 δι
1021 335 1124 382 causa
1146 335 1357 382 malorum?

308 411 421 457 Nulla
441 411 535 456 salus
553 410 658 457 bello
678 431 686 455 :
711 425 840 475 pace-m
861 425 897 457 te
914 410 1102 475 ¹poscimus
1121 402 1249 457 omnes
1265 446 1279 465 ‚
1327 440 1329 448 ›

305 490 432 532 'Turne
451 507 459 531 :
484 485 587 532 fimu‘l
607 485 706 550 pacis
725 485 846 533 solum
865 484 1086 532 inviolabile
1106 484 1254 549 pignus.

307 559 447 606 Primus
463 577 537 623 ego
551 596 563 614 ‚
585 558 746 605 invisum
765 577 875 623 quem
895 576 933 605 tu
953 558 1019 604 tibi
1039 557 1149 622 fingis
1165 595 1177 613 ,
1197 557 1236 604 ἃ
1258 557 1331 604 effe

308 632 375 678 Nil
393 651 523 679 moror
536 668 549 686 ‚
567 651 613 678 en
628 668 640 686 ,
661 632 816 696 supplex
835 632 964 679 renio.
985 631 1170 677 Miserere
1190 647 1339 678 tuorum
1358 663 1372 684 ‚

308 710 415 753 Pone
435 706 577 753 animos
593 744 605 762 ‚
623 706 663 753 Sc
680 706 805 771 pulsus
825 705 975 752 abi.-Sat
998 705 1124 752 'funera
1143 705 1208 751 fufi

308 779 478 826 Vidimus
491 816 503 834 ,
521 780 678 844 ingentis
697 780 737 827 Sc
759 780 1007 827 desolavimus
1023 797 1145 843 agros.

310 859 385 901 Aut
400 892 411 910 ‚
429 854 453 899 fi
473 854 565 901 fama
582 871 713 900 movet
727 891 739 909 ‚
756 852 782 899 fi
800 870 940 900 tantum
959 854 1113 919 pe&ore
1133 853 1249 899 robur

311 926 522 990 Concipis‚
543 926 583 974 δε
601 926 626 972 s1
645 928 742 974 adeo
760 925 896 973 dotalis
917 926 1018 990 regia
1038 925 1143 971 cordi
1165 926 1214 971 est
1235 946 1243 970 ε

315 1002 423 1047 Aude
440 1036 451 1055 ‚
468 1016 580 1064 atque
600 1001 794 1047 adversum
812 1001 929 1046 fidens
949 1000 1004 1046 fer
1025 1000 1151 1064 pe&us
1177 999 1215 1045 in
1238 999 1394 1045 hostem

313 1075 465 1122 Scilicet
480 1112 491 1129 ‚
509 1092 550 1121 ut
568 1079 701 1121 Turno
722 1076 914 1138 contingat
930 1074 1032 1137 regia
1050 1074 1187 1135 conjux
1206 1107 1218 1126 ‚

314 1151 397 1195 Nos
410 1184 421 1202 ‚
438 1148 569 1194 animae
592 1148 684 1194 viles
701 1183 713 1202 ‚
736 1147 923 1193 inhumata
940 1146 1145 1209 infletaque
1162 1145 1267 1191 turba
1281 1180 1295 1200 ‚

316 1225 527 1268 Sternamur
547 1221 695 1285 campis.
714 1224 761 1267 Er
776 1223 848 1284 jam
862 1237 902 1268 ru
920 1258 932 1277 .,
951 1216 976 1266 fi
998 1239 1069 1284 qua
1088 1219 1154 1266 tibi
1173 1218 1227 1265 vis
1241 1255 1253 1274 ‚

317 1295 354 1341 Si
374 1294 480 1360 patrii
504 1294 594 1358 quid
611 1294 742 1341 Martis
762 1291 872 1341 habes
894 1330 907 1348 ‚
929 1293 1034 1340 illum
1053 1291 1199 1356 adspice
1219 1306 1385 1346 contra‘5

318 1367 401 1428 Qui
419 1382 542 1413 vocat.

317 1441 470 1487 Talibus
493 1437 621 1487 exarfit
642 1439 747 1487 diffis
769 1440 949 1487 violentia
967 1439 1085 1486 Turni
1105 1460 1113 1485 :

318 1516 394 1560 Dat
413 1516 615 1578 gemitum,
633 1515 844 1577 rumpitque
866 1513 925 1559 has
946 1514 1021 1559 imo
1045 1513 1198 1576 pefiore
1225 1528 1366 1556 voces:

320 1590 436 1646 Larga
454 1584 604 1648 quidem
618 1620 629 1637 ,
648 1589 795 1631 Drance
811 1620 822 1638 ‚
840 1583 984 1647 semper
1005 1583 1073 1630 tibi
1091 1582 1200 1646 copia
1218 1581 1322 1628 fandi

318 1664 415 1707 Tum
429 1694 442 1713 .,
464 1678 546 1705 cum
564 1660 662 1706 bella
681 1679 806 1706 manus
823 1659 1010 1723 poscunt;
1030 1657 1268 1721 patribusque
1285 1655 1430 1721 vocatis

322 1735 462 1780 Primus
483 1733 580 1778 ades.
612 1734 685 1779 Sed
706 1752 782 1780 non
801 1733 981 1797 replenda
1000 1732 1050 1778 est
1069 1732 1170 1777 curia
1187 1729 1308 1776 verbis
1322 1764 1336 1784 ‚

312 1809 425 1867 ,Quae
451 1820 532 1852 tuto
555 1804 622 1851 tibi
645 1823 776 1870 magna
795 1805 923 1852 volant
943 1841 955 1860 ,
979 1807 1067 1852 dum
1088 1805 1235 1852 distinet
1254 1803 1397 1851 hostem

325 1887 455 1944 Agger
472 1896 677 1925 moerorum
697 1916 709 1934 ‚
729 1897 798 1925 nec
817 1878 999 1925 inundant
1021 1877 1200 1942 sanguine
1217 1877 1334 1924 foffae.

325 1952 490 1999 Proinde
507 1968 597 1998 tona
618 1951 777 2014 eloquio
793 1986 805 2005 ,
825 1951 974 1998 solitum
993 1951 1081 1998 tibi:
1101 1969 1235 2015 meque
1253 1948 1397 1997 timoris

327 2031 455 2088 Argue
473 2040 511 2070 tu
526 2060 538 2078 ‚
556 2028 702 2070 Drance
720 2046 732 2079 3
754 2026 905 2088 quando
925 2041 982 2072 tot
1002 2025 1126 2089 stragis
1146 2039 1302 2071 acervos

326 2101 559 2144 Teucrorum
583 2114 643 2144 tua
665 2098 791 2144 dextra
814 2099 940 2153 dedit,
966 2099 1162 2163 paffimque
1186 2096 1337 2161 tropaeis

325 2171 479 2236 Insignis
496 2190 617 2236 agros.
638 2173 749 2219 Poffit
766 2172 854 2236 quid
872 2172 996 2219 vivida
1015 2172 1129 2218 virtus
1146 2206 1159 2226 ‚

324 2245 530 2309 Experiare
549 2245 662 2292 licet:
688 2265 757 2292 nec
776 2247 893 2310 longe
911 2246 1051 2293 scilicet
1070 2246 1192 2293 hostes

329 2319 535 2378 Quaerendi
558 2319 665 2366 nobis
685 2341 694 2365 :
717 2319 945 2366 circumstant
963 2318 1128 2382 undique
1147 2336 1285 2364 muros.
1350 2342 1354 2345 »

331 2395 425 2436 lmus
444 2391 478 2437 iu
497 2392 672 2438 adversos
690 2399 704 2438 ?
725 2391 815 2454 quid
835 2391 973 2438 ceffas?
992 2410 1038 2437 an
1056 2390 1121 2437 tibi
1144 2393 1299 2436 Mavors
1358 2411 1363 2413 ·

330 2465 498 2512 Ventosa
517 2465 555 2512 in
574 2465 699 2530 lingua
711 2501 724 2521 .,
747 2463 978 2530 pedibusque
996 2462 1186 2529 fugacibus
1205 2463 1275 2510 istis
1292 2498 1306 2530 ².
1324 2522 1327 2526 Δ

1506 617 1591 691 365

1512 1016 1600 1064 370

1424 1378 1599 1439 „375

1519 1734 1607 1788 380

1483 2083 1715 2185 485³?

1525 2481 1613 2524 39⁰
1669 2456 1705 2518 Q
