1715 3028
346 125 439 174 266
673 127 728 173 Ρ.
794 124 1306 171 VIRGILII

343 230 522 295 Pasiphae
536 265 548 283 ‚
567 228 798 293 mixtumque
817 248 930 294 genus
945 266 957 285 ‚
977 231 1179 295 prolesque
1199 229 1369 279 biformis

342 304 586 352 Minotaurus
605 303 693 349 inest
708 339 719 354 ,
738 305 893 351 Veneris
916 320 1156 351 monumenta
1175 305 1342 351 nefandae
1360 324 1370 349 :

343 379 418 426 Hic
439 379 546 425 labor
567 378 630 425 ille
649 379 783 425 domus
799 414 814 433 ,
831 379 870 426 ὅ(
887 379 1281 427 inextricabiliserror.

344 455 528 517 Magnum
547 454 695 518 reginae.
710 453 774 501 sed
792 454 890 511 enirn
907 454 1093 500 miseratus
1111 472 1278 501 amorem

345 525 547 580 Daedalus,
567 526 647 590 ipse
667 527 780 573 dolos
799 526 885 573 teffi
903 527 1151 591 ambagesque
1169 526 1326 574 resolvit
1343 536 1359 580 ‚'

344 602 457 645 Caeca
479 618 613 664 regens
632 600 698 647 filo
721 599 886 664 vestigia.
919 604 977 647 Tu
998 619 1157 664 quoque
1171 618 1341 665 magnam

333 675 489 719 ‘Partem
509 691 627 738 opere
647 673 685 719 in
705 688 809 719 tanto
822 708 834 727 .,
854 673 987 720 sineret
1006 674 1121 720 dolor
1136 709 1148 728 ‚
1167 678 1268 721 Icare
1282 709 1294 729 ‚
1317 674 1489 721 haberes.

346 745 404 793 Bis
424 762 575 793 conatus
596 762 674 793 erat
691 746 792 792 casus
811 747 991 810 effingere
1011 747 1047 793 in
1068 765 1184 794 auro:

343 818 405 865 Bis
425 819 552 883 patriae
571 819 743 866 cecidere
762 837 900 865 manus.
926 819 1029 881 Quin
1055 835 1236 883 protenus
1259 819 1385 866 omnia

347 893 595 955 Perlegerent
623 893 767 947 oculis3
789 892 825 938 ni
844 893 916 955 jam
936 893 1137 956 praemiffus
1157 894 1317 940 Achates

348 966 536 1020 Adforet‚
562 982 673 1029 atque
695 986 767 1013 una
787 964 918 1014 Phoebi
934 967 1149 1031 Triviaeque
1170 967 1343 1016 sacerdos
1357 1003 1376 1024 ,

348 1039 553 1104 Deiphobe
577 1039 710 1086 Glauci
724 1076 739 1094 .,
753 1040 848 1086 fatur
871 1059 954 1103 quae
973 1040 1058 1087 talia
1077 1040 1157 1105 regi
1177 1061 1186 1086 :

349 1113 444 1158 Non
463 1111 538 1159 hoc
563 1112 625 1158 ista
644 1112 709 1158 fibi
736 1128 880 1177 tempus
902 1114 1107 1178 speElacula
1127 1114 1275 1178 poscit:

349 1187 465 1232 Nunc
483 1203 600 1250 grege
626 1186 673 1233 de
693 1185 832 1233 imno
859 1185 1001 1251 septem
1019 1187 1174 1233 mattare
1198 1188 1389 1250 juvencos,

351 1256 586 1312 Praestiterit.,
605 1257 763 1305 totidem
782 1259 892 1306 leuas
910 1261 957 1306 de
975 1278 1082 1307 more
1100 1259 1274 1307 bidentis.

348 1330 502 1376 Talibus
520 1330 638 1379 adfata
655 1335 822 1388 AEnean,
848 1337 944 1393 (nec
964 1333 1063 1380 sacra
1082 1349 1274 1380 morantur

353 1404 444 1451 luffa
464 1404 561 1463 viri)
578 1407 749 1452 Teucros
767 1422 879 1453 vocat
896 1407 967 1453 alta
987 1404 1024 1452 in
1043 1407 1180 1470 templa
1201 1407 1385 1454 sacerdos.

354 1476 526 1523 Excisum
544 1478 725 1524 Euboicae
742 1479 836 1525 latus
857 1479 991 1542 ingens
1009 1478 1110 1541 rupis
1134 1477 1171 1524 in
1196 1495 1338 1524 antrum
1358 1498 1378 1524 :-

355 1554 448 1611 Quo
469 1550 532 1597 lati
551 1551 691 1598 ducunt
713 1551 831 1598 aditus
853 1566 1000 1598 centum
1017 1587 1028 1605 ‚
1049 1551 1138 1598 ostia
1159 1566 1309 1597 centum
1327 1572 1336 1596 ε

354 1624 466 1670 Unde
485 1639 596 1670 ruunt
615 1624 775 1676 totidem
793 1643 909 1671 voces
925 1660 937 1678 ‚
958 1624 1136 1687 responsa
1156 1623 1324 1688 Sibyllae.

357 1700 523 1743 Ventum
543 1713 621 1744 erat
645 1698 689 1743 ad
706 1696 820 1744 limen
835 1733 847 1751 ‚
868 1715 950 1743 cum
969 1697 1102 1760 virgo,
1123 1697 1284 1744 Poscere
1303 1697 1376 1744 fata

360 1773 526 1835 Tempus
541 1807 554 1826 ‚
572 1771 632 1818 ait.
662 1775 764 1818 Deus
779 1806 792 1825 ,
811 1789 900 1819 ecce
914 1806 926 1825 ,
945 1774 1057 1817 Deus.
1080 1771 1152 1817 Cui
1176 1770 1261 1817 talia
1278 1770 1369 1818 fanti

361 1847 462 1892 Ante
480 1845 580 1892 fores
596 1881 608 1899 ‚
630 1844 751 1892 subito
773 1863 852 1891 non
870 1844 1016 1897 voltus,
1039 1863 1115 1891 non
1135 1844 1247 1891 color
1264 1863 1354 1890 unus
1374 1879 1389 1898 ,

359 1920 452 1965 Non
471 1933 607 1965 comtae
625 1918 792 1965 mansere
812 1937 958 1972 comae3
978 1918 1041 1964 sed
1061 1918 1188 1982 Ρεξὶιις
1209 1918 1384 1964 anhelum
1399 1953 1414 1972 ‚

361 1993 406 2037 Et
426 1990 527 2037 rabie
546 1991 622 2038 fera
641 1991 756 2038 corda
772 2006 939 2038 tument:
961 1990 1157 2054 maiorque
1177 1990 1296 2037 videri
1315 2025 1328 2045 ‚

362 2065 447 2109 Nec
465 2064 623 2111 mortale
643 2058 775 2111 sonans
791 2099 804 2118 .,
821 2063 953 2110 adflata
976 2065 1025 2111 est
1043 2064 1189 2110 numine
1210 2064 1359 2127 quando

363 2139 440 2182 Iam
461 2136 644 2200 propiore
661 2137 745 2183 Dei.
766 2136 891 2183 Ceffas
909 2136 947 2183 in
969 2152 1059 2184 vota
1079 2137 1283 2201 precesque
1303 2171 1317 2189 ‚

362 2209 462 2254 Tros
481 2243 494 2263 ‚
511 2208 582 2262 ait,
599 2212 742 2255 AEnea?
762 2209 901 2256 ceffas?
923 2227 1045 2272 neque
1065 2211 1162 2256 enim
1180 2224 1265 2254 ante
1283 2206 1478 2255 dehistent
1535 2266 1538 2271 .

365 2281 550 2328 Attonitae
570 2301 704 2347 magna
729 2302 795 2331 ora
812 2284 957 2330 domus.
981 2286 1027 2330 Et
1044 2282 1129 2330 talia
1151 2282 1221 2329 fata

366 2356 572 2403 Conticuit.
600 2357 759 2404 Gelidus
778 2357 935 2405 Teucris
954 2376 1023 2422 per
1040 2357 1128 2403 dura
1148 2355 1310 2403 cucurrit

366 2427 455 2474 offa
473 2443 641 2486 tremor,
660 2430 858 2496 funditque
879 2449 1012 2496 preces
1035 2448 1098 2477 rex
1121 2429 1277 2494 pefilore
1296 2429 1341 2479 ab
1359 2429 1434 2478 imo
1449 2448 1463 2475 τ

1581 618 1647 659 azo«

1583 984 1642 1027 ἃς·
1709 965 1713 968 ’

1584 1350 1653 1389 4·«

1589 1711 1654 1762 '45-

1598 2081 1661 2125 ἴθ’

1590 2443 1656 2505 ἰεἰ
