1715 3028
364 134 795 180 AENEJDOS
840 135 994 181 ΜΒ.
1043 136 1166 192 lx,
1313 150 1397 199 355

113 240 301 293 Excubat,
321 255 546 303 exercetque
564 240 689 294 vices5
708 240 812 303 quod
832 240 966 303 cuique
986 240 1163 287 tuendum
1184 241 1246 287 est„
1317 262 1333 288 1
1346 257 1407 305 751

176 314 287 361 Nisus
303 329 380 359 erat
395 329 517 378 portae
534 314 675 367 custm,
696 313 893 359 acerrimus
911 313 1018 359 armis
1034 350 1046 368 ‚

109 387 354 451 Hyrtacide33
373 386 550 433 comitem
569 390 698 432 AEneae
717 403 828 447 quem
846 386 992 433 miserat
1010 388 1074 433 Ida

108 459 285 505 Venatrix
301 495 313 513 ‚
334 460 459 522 jaculo
480 460 641 505 celerem
661 458 883 522 levibusque
900 459 1062 523 sagittis:

111 535 159 578 Et
181 533 282 595 juxta
303 551 430 579 comes
452 533 632 597 Euryalus
648 568 660 587 ‚
687 550 762 595 quo
781 531 976 595 pulchrior
994 533 1087 579 alter
1146 573 1155 574 ff

112 609 203 653 Non
220 607 290 653 fuit
308 609 516 653 AEneadum
530 643 542 661 ‚
561 607 727 669 Trojana
749 626 872 671 neque
891 607 1010 654 induit
1032 627 1156 664 arnia3
1321 629 1337 655 1
1350 616 1407 658 80

114 684 192 727 Ora
208 700 300 746 puer
318 681 434 745 prima
453 681 598 744 signans
617 679 761 726 intonsa
777 680 942 742 juventa,

112 755 178 801 His
197 774 300 803 amor
319 774 411 801 unus
431 771 531 808 erat,
552 753 764 818 pariterque
781 753 819 799 in
839 755 938 801 bella
960 756 1136 803 ruebante

111 831 209 874 Tum
230 847 384 892 quoque
410 827 602 874 communi
620 845 766 892 portam
785 829 944 875 statione
970 831 1160 883 tenebant,

113 899 222 945 Nisus
237 899 287 945 ait
301 935 313 953 ,
333 902 432 945 Dine
452 898 551 944 hunc
572 899 744 945 ardorem
768 899 952 946 mentibus
971 901 1129 956 addunt,

113 973 274 1037 Euryale
293 980 306 1019 ἓ
333 992 378 1019 an
404 973 463 1018 sua
483 972 620 1035 cuique
638 976 740 1018 Deus
761 973 803 1019 fit
821 969 898 1020 dira
916 975 1084 1039 cupido?
1323 997 1338 1024 1
1350 984 1403 1040 85

114 1048 190 1091 Aut
207 1063 371 1109 pugnam
388 1081 400 1099 ,
420 1060 481 1090 aut
498 1044 638 1107 aliquid
657 1045 729 1105 jam
749 1046 887 1092 dudum
907 1046 1085 1094 invadere
1105 1065 1279 1113 magmun

117 1119 231 1163 Meus
250 1116 364 1181 agitat
381 1116 496 1170 mihi3
521 1135 590 1162 nec
607 1117 752 1180 placida
772 1134 950 1166 contenta
970 1122 1096 1184 quiete
1115 1123 1176 1169 est,

118 1189 252 1235 Cernis
268 1226 279 1242 ,
300 1207 382 1253 quae
403 1189 561 1235 Rutulos
581 1189 713 1236 habeat
730 1191 862 1238 fiducia
882 1211 1015 1239 rerum,

115 1261 268 1309 Lumina
288 1281 367 1308 rara
387 1261 547 1307 micant:
570 1261 703 1309 somno
723 1263 893 1328 vinoque
918 1260 1054 1330 sepulti

116 1336 378 1383 Procubuere:
401 1334 506 1381 filent
524 1334 597 1381 late
617 1335 714 1381 loca.
733 1337 889 1402 Percipe
905 1357 1023 1403 porro
1039 1377 1051 1395 ‚
1322 1366 1337 1392 1
1349 1365 1408 1406 90

114 1409 221 1470 Quid
239 1408 425 1462 dubitem,
444 1408 484 1454 ὅ(
507 1426 592 1471 quae
615 1427 713 1454 nuuc
737 1410 863 1457 auimo
886 1412 1065 1461 sententia
1087 1414 1219 1482 surgat

116 1488 259 1531 AEnean
272 1479 383 1528 acciri
399 1500 551 1536 omne5‚
573 1482 811 1563 populusque
827 1485 1024 1549 patresque
1040 1524 1052 1542 ‚

117 1557 359 1622 Exposcuffnt
381 1556 554 1620 mittique
570 1556 689 1610 viros,
703 1556 767 1620 qui
786 1573 886 1604 certa
905 1577 1113 1623 reportent

116 1632 155 1678 Si
170 1632 263 1685 tibi
283 1651 365 1695 quae
383 1631 526 1695 posco,
544 1630 792 1694 promittunt:
813 1650 894 1678 nam
912 1633 1002 1679 mihi
1019 1635 1103 1681 faffi

117 1710 225 1752 Fama
248 1706 298 1751 sat
319 1706 390 1752 est:
414 1705 557 1751 tumulo
579 1705 713 1750 videor
735 1706 900 1767 reperire
921 1707 986 1752 sub
1003 1708 1072 1755 illo
1323 1730 1405 1774 1933

117 1779 225 1827 Poffe
245 1778 341 1824 viam
361 1778 406 1823 ad
427 1796 553 1823 muros
572 1776 612 1823 &
632 1776 766 1822 moenia
785 1777 983 1824 Pallantea.

120 1851 319 1916 Obstupuit
342 1869 479 1914 magno
497 1851 645 1896 laudum
665 1850 850 1914 percuffus
873 1870 1002 1899 amore

119 1926 322 1990 Euryalus·,
352 1925 455 1971 fimul
473 1924 527 1970 his
548 1925 739 1970 ardentem
759 1923 899 1970 adfatur
916 1924 1073 1972 amicum
1092 1949 1100 1972 z

120 2002 240 2046 Mene
259 1997 372 2062 igitur
396 1998 537 2045 socium
555 1997 700 2043 summis
720 1996 925 2061 adjungere
943 1998 1051 2044 rebus
1071 2035 1083 2053 ‚

120 2071 213 2118 Nise
229 2107 240 2125 ‚
256 2071 382 2135 fugis?
402 2071 523 2118 solum
547 2085 584 2116 te
603 2069 640 2115 in
659 2084 758 2116 tanta
775 2070 940 2133 pericula
959 2071 1127 2119 mittam?
1318 2098 1408 2126 200

121 2146 213 2191 Non
233 2143 280 2189 ita
297 2161 355 2189 me
374 2142 549 2207 genitor,
567 2141 674 2187 bellis
694 2141 849 2187 affuetus
862 2177 873 2195 ‚
887 2142 1077 2206 ‘Opheltes

122 2215 344 2280 Argolicum
362 2234 543 2262 terrorem
563 2214 659 2260 inter
677 2214 881 2276 Trojaeque
901 2215 1049 2262 labores

124 2290 314 2335 sublatum
334 2289 467 2335 erudiit
485 2310 493 2334 ε
515 2307 583 2335 nec
602 2304 724 2334 tecum
742 2288 826 2332 talia
846 2288 930 2351 gesti
946 2324 958 2342 ‚

120 2363 401 2428 Magnanimum
420 2368 559 2411 AEnean
580 2362 619 2409 ἃ
638 2362 708 2408 fata
729 2377 891 2412 extrema
917 2362 1074 2411 secutus,

124 2438 182 2485 Est
200 2438 259 2485 hic
277 2474 289 2494 ‚
306 2439 357 2485 est
377 2439 514 2486 animus
532 2437 624 2498 lucis
643 2452 877 2491 contemtor‚
897 2437 936 2486 δε
957 2438 1059 2487 istum
1321 2465 1405 2505 205

1090 2520 1178 2565 ΖΞ,
