1715 3028
344 191 434 234 124
665 171 1294 227 P.VJR‘GILJI

336 285 463 329 Tanto
479 318 491 336 ,
510 298 621 347 gnate
640 318 654 335 ‚
677 281 792 347 magis
814 280 1001 329 contende
1022 278 1165 328 tenac'i'a
1183 281 1304 333 vincla
1323 302 1335 327 z

335 358 471 402 Donec
490 355 571 402 talis
591 355 661 401 erit
679 369 819 402 mutato
839 373 1003 421 corpore
1016 391 1027 409 ⁷
1049 355 1196 419 qualem

335 427 482 474 Videris
498 463 511 482 ‚
538 427 690 492 incepto
709 442 855 492 tegeret
873 447 955 475 curn
974 428 1112 474 lumina
1133 427 1280 474 somno.

332 504 424 548 Haec
444 501 519 555 ait,
541 501 581 549 &
604 501 787 565 liquidum
806 501 997 551 ambrofiae
1019 501 1195 548 diffundit
1216 500 1375 548 odorem
1395 521 1423 546 :·
1529 515 1614 560 415

334 571 428 635 Quo
448 590 571 621 totum
589 574 664 622 nati
682 593 819 641 corpus
836 576 1018 641 perduxit.
1047 583 1096 622 At
1112 576 1166 624 illi

330 647 460 693 Dulcis
481 647 697 713 compositis
716 648 868 713 spiravit
884 649 1043 696 crinibus
1067 667 1149 696 aura
1166 686 1178 705 ‚

329 722 457 783 Atque
475 719 605 767 habilis
623 721 798 768 membris
817 723 921 769 venit
937 723 1061 788 vigor.
1085 723 1144 769 Est
1165 722 1294 787 specus
1312 721 1446 784 ingens
1483 743 1485 745 ¹
1511 751 1514 758 ·

329 791 436 838 Exest
460 791 576 839 latere
594 793 633 839 in
656 792 795 840 montis
810 830 823 848 .,
838 813 916 858 quo
939 796 1094 860 plurima
1111 810 1230 843 vento

330 866 521 930 Cogitur,
547 867 660 930 inque
679 866 775 914 finus
797 867 930 915 scindit
952 869 1030 915 sese
1051 869 1150 916 unda
1169 868 1370 922 redu&0s;
1401 904 1402 909 ¹
1529 883 1620 921 420

328 939 530 1002 Deprenfis
557 940 649 986 olim
676 940 783 987 statio
812 941 978 990 tutiffima
1003 942 1130 988 nautis.

327 1015 429 1058 Intus
452 1012 488 1059 se
515 1013 611 1067 vasti>
622 1016 777 1059 Proteus
803 1013 899 1077 tegit
926 1014 1052 1078 objice
1083 1014 1167 1061 saxi.

328 1085 400 1133 Hic
422 1087 595 1149 juvenem
616 1088 653 1133 in
671 1087 819 1134 latebris
839 1088 1007 1136 aversum
1025 1107 1045 1134 a
1069 1088 1208 1134 lumine
1228 1086 1405 1152 Nympha

328 1160 533 1206 collocat:
557 1159 633 1224 ipsa
653 1161 788 1224 procul
807 1161 952 1206 nebulis
976 1160 1131 1207 obscura
1151 1159 1290 1207 resistit.

326 1236 402 1281 lam
426 1235 573 1298 rapidus
594 1249 738 1280 torrens
758 1233 911 1280 sitientis
928 1234 1041 1280 Sirius
1058 1235 1170 1282 Indos
1531 1248 1617 1292 425

328 1308 519 1361 Ardebat3
545 1307 646 1354 coelo
675 1306 715 1354 &
732 1306 895 1356 medium
916 1307 974 1354 sol
994 1307 1126 1372 igneus
1152 1307 1284 1354 orbem
1324 1302 1347 1319 ”

327 1381 513 1428 Hauserat.
543 1380 706 1428 Arebant
723 1381 849 1427 herbae
863 1417 876 1435 ‚
904 1381 944 1428 δι
963 1399 1052 1427 cava
1071 1380 1223 1428 flumina
1239 1378 1341 1425 siccis

325 1455 505 1501 Faucibus
523 1455 568 1501 ad
589 1455 717 1501 limum
734 1455 824 1501 radii
844 1455 1025 1519 tepefaSla
1045 1454 1285 1517 coquebant:

327 1529 426 1573 Cum
444 1532 598 1573 Proteus
620 1527 799 1573 consueta
816 1542 949 1591 petens
968 1545 989 1573 e
1007 1526 1179 1574 fluffibus
1197 1540 1300 1573 antra

323 1601 413 1646 ibat.
443 1602 536 1646 Eum
555 1598 644 1645 vasti
670 1598 810 1645 circum
833 1617 926 1663 gens
943 1599 1090 1646 humida
1108 1598 1214 1663 ponti
1529 1614 1619 1654 430

325 1672 515 1718 Exsultans
538 1689 663 1718 rorem
687 1671 760 1717 late
787 1671 953 1736 dispersit
970 1690 1142 1719 amarum.

325 1747 501 1790 Sternunt
520 1743 556 1790 se
577 1742 712 1790 somno
730 1742 899 1791 diversae
927 1743 963 1789 in
985 1743 1101 1790 litore
1118 1743 1264 1807 phocae.

324 1817 408 1880 Ipse
422 1853 434 1870 ,
455 1816 561 1863 velut
579 1816 706 1863 stabuli
728 1817 848 1863 custos
874 1817 910 1863 in
927 1816 1115 1864 montibus
1136 1817 1229 1864 olim
1246 1851 1260 1870 ,

324 1891 471 1956 Vesper
487 1891 551 1937 ubi
576 1910 596 1938 e
621 1892 721 1956 pastu
739 1892 879 1939 vitulos
897 1892 942 1937 ad
962 1892 1056 1938 tecla
1075 1891 1217 1938 reducit
1229 1925 1243 1944 ‚

324 1962 545 2026 Auditisque
567 1963 678 2027 lupos
698 1981 832 2012 acuunt
851 1963 1028 2010 balatibus
1047 1963 1134 2027 agni
1153 1998 1167 2017 ‚
1400 2017 1404 2020 ⁸
1523 1976 1610 2020 435
1632 1992 1635 1998 =

330 2036 505 2084 Confidit
525 2037 687 2102 scopulo
707 2036 850 2083 medius
863 2072 875 2090 ,
897 2054 1166 2100 numerumque
1184 2034 1377 2083 recenset:
1443 2039 1445 2042 ⁴
1602 2041 1605 2043 ’

330 2112 447 2175 Cujus
467 2111 624 2159 Aristaeo
644 2110 823 2176 quoniam
842 2111 892 2158 est
917 2111 1041 2158 oblata
1064 2110 1215 2158 facultas
1233 2144 1247 2164 .,

329 2184 405 2229 Vix
422 2183 557 2230 defeffa
578 2184 704 2230 senem
725 2184 841 2248 passus
859 2201 1093 2248 componere
1108 2182 1270 2231 membra
1282 2217 1294 2235 ‚

332 2261 429 2306 Cum
448 2259 612 2305 clamore
633 2258 705 2304 ruit
723 2277 862 2323 magno
877 2293 890 2313 ‚
911 2257 1136 2320 manicisque
1154 2257 1337 2319 jacentem
1514 2320 1517 2321 γ

332 2326 516 2394 Occupat.
546 2331 614 2377 Ille
641 2330 714 2379 suae,
740 2348 871 2378 contra
895 2349 974 2378 non
993 2330 1189 2376 immemor
1214 2328 1299 2375 artis
1314 2364 1328 2383 ‚
1524 2346 1618 2384 440

334 2403 472 2448 Omnia
492 2402 724 2449 transformat
741 2403 819 2450 sese
836 2403 874 2450 in
894 2402 1067 2450 miracula
1083 2419 1205 2448 rerum
1219 2436 1233 2455 ‚

334 2476 539 2540 Ignemque
556 2510 569 2530 2
594 2474 888 2541 horribilemque
905 2476 1019 2523 feram
1031 2510 1047 2530 ‚
1063 2475 1296 2540 fluviumque
1311 2475 1529 2543 liquentem.
