1715 3028
329 119 424 179 306
669 121 725 166 P.
794 117 1296 165 VIRGJLJJ

325 224 515 273 Absumtae
531 223 567 269 in
585 225 756 269 Teucros
775 221 871 269 vires
889 222 1052 286 coelique
1071 223 1264 288 marisque.
1474 276 1476 278 v

329 297 435 359 Quid
454 300 579 360 Syrtes
597 331 609 349 ‚
625 313 686 342 aut
703 295 828 359 Scylla
846 294 959 350 mihi,
983 296 1072 359 quid
1093 297 1186 343 vasta
1205 295 1415 360 Charybdis

327 370 497 419 Profuit?
518 384 649 433 optato
670 368 882 414 conduntur
896 368 1098 433 Thybridis
1118 370 1229 416 alveo
1248 405 1260 424 ‚

327 442 455 489 Securi
478 441 602 506 pelagi
625 456 736 505 atque
755 440 841 488 mei.
870 444 972 488 Mars
999 443 1158 506 perdere
1178 457 1328 506 gentem

325 520 526 563 Immanem
543 516 737 580 Lapithum
754 516 890 565 valuit:
915 516 1091 564 conceffit
1114 516 1152 563 in
1172 517 1241 563 iras
1526 532 1617 580 305

327 588 410 653 Ipse
429 592 551 635 Deum
572 589 759 653 antiquam
779 589 931 654 genitor
949 589 1148 653 Calydona
1170 588 1326 635 Dianae:

326 662 449 722 Quod
468 660 587 707 scelus
606 677 667 709 aut
687 661 855 727 Lapithas
883 678 1021 709 tantum
1038 697 1050 715 ‚
1080 677 1140 707 aut
1159 660 1361 725 Calydona
1387 649 1600 709 merentem!
1610 670 1625 709 ἓ

327 734 390 781 Ast
410 752 486 799 ego
511 752 641 799 magna
661 731 761 783 Jovis
781 737 918 797 conjux
944 734 996 781 nil
1017 735 1186 799 linquere
1208 735 1373 782 inausum

328 810 429 868 Quae
448 806 557 871 potui
577 807 706 854 infelix
722 844 733 862 ‚
752 827 836 872 quae
854 823 991 855 memet
1016 807 1053 853 in
1076 808 1200 855 omnia
1219 808 1315 855 verti
1334 845 1347 863 ‚
1588 861 1595 866 l

329 881 476 942 Vincor
494 881 539 927 ab
559 885 688 927 AEnea.
712 883 830 942 Quod
850 881 875 927 si
896 900 976 928 mea
1001 881 1146 927 numina
1169 900 1247 928 non
1269 881 1352 928 sunt
1535 901 1553 941 3
1571 902 1625 929 10
1658 919 1660 921 -

329 957 472 1018 Magna
482 953 563 1001 satis
575 975 586 1008 ;
598 955 764 1001 dubitem
778 955 874 1001 haud
887 955 1059 1019 equidem
1069 955 1271 1019 implorare
1284 956 1389 1019 quod
1400 956 1552 1020 usquam
1561 957 1625 1004 est.

330 1029 497 1075 Flectere
517 1028 541 1074 fi
566 1048 716 1093 nequeo
737 1033 902 1093 Superos
917 1065 928 1082 ‚
947 1028 1363 1077 Acherontamovebo.

331 1103 422 1147 Non
439 1101 583 1147 dabitur
600 1102 723 1166 regnis
738 1138 751 1156 ,
770 1102 847 1148 esto
864 1137 876 1153 ,
899 1101 1103 1165 prohibere
1120 1101 1252 1148 Latinis
1266 1138 1278 1157 ‚

333 1177 457 1238 Atque
477 1175 630 1221 immota
650 1190 774 1221 manet
792 1174 874 1221 fatis
894 1174 1045 1222 Lavinia
1062 1175 1201 1239 conjux
1218 1196 1226 1220 ε

336 1251 384 1295 At
406 1249 551 1296 trahere
571 1288 582 1304 7
604 1265 716 1312 atque
735 1267 856 1296 moras
875 1248 984 1295 tantis
1002 1248 1092 1295 licet
1110 1250 1246 1295 addere
1264 1250 1394 1304 rehum
1537 1265 1556 1308 3
1573 1267 1589 1293 1
1603 1261 1629 1313 52

332 1328 383 1371 At
400 1323 489 1370 licet
513 1324 706 1370 amborum
727 1323 893 1388 populos
916 1322 1134 1369 exscindere
1160 1341 1302 1388 regum.

333 1399 412 1442 Hac
433 1414 549 1460 gener
570 1412 680 1460 atque
701 1396 809 1443 socer
830 1411 964 1443 coeant
981 1397 1155 1442 mercede
1176 1396 1339 1443 suorum.

335 1469 526 1534 Sanguine
545 1471 716 1533 Trojano
736 1470 776 1517 ὅ(
794 1470 933 1516 Rutulo
955 1470 1136 1516 dotabere
1151 1504 1163 1523 ‚
1183 1469 1293 1533 virgo
1312 1490 1322 1513 ·.

335 1547 383 1590 Et
399 1545 557 1590 Bellona
577 1559 701 1598 manet
721 1560 758 1589 te
780 1544 961 1607 pronuba.
991 1545 1074 1589 Nec
1091 1542 1170 1589 face
1189 1558 1328 1589 tautum

305 1672 308 1673 ⁷
337 1615 471 1662 Cisseis
492 1634 687 1680 praegnans
708 1615 804 1680 ignis
825 1617 930 1662 enixa
945 1616 1078 1680 jugalis
1099 1637 1108 1661 :
1538 1634 1630 1675 32⁰-

337 1690 446 1752 Quin
465 1689 562 1736 idem
579 1690 721 1737 Veneri
740 1706 863 1755 partus
885 1690 964 1736 suus
978 1726 990 1744 ‚
1010 1690 1049 1737 &
1071 1689 1168 1736 Paris
1188 1681 1281 1737 alter
1299 1725 1313 1745 ‚

340 1766 584 1828 Funestaeque
605 1764 739 1811 iterum
759 1764 922 1811 recidiva
943 1763 980 1809 in
995 1768 1170 1828 Pergama
1188 1765 1305 1810 taedae.

403 1842 494 1885 Haec
517 1838 579 1884 ubi
599 1838 693 1885 dicta
710 1839 839 1893 dedit,
859 1853 972 1884 terras
999 1837 1187 1885 horrenda
1205 1837 1366 1901 petivit:
1397 1893 1399 1897 ‚

339 1912 549 1958 Luffificam
567 1911 701 1958 Alecto
719 1911 889 1957 Dirarum
904 1910 951 1957 ab
967 1910 1053 1957 sede
1071 1910 1243 1957 sororum

338 1985 570 2050 Infernisque
590 1985 664 2032 ciet
686 1984 846 2031 tenebris
865 2006 874 2029 :
894 1983 954 2030 cui
974 1984 1084 2030 tristia
1103 1984 1201 2030 bella
1215 2019 1228 2038 ,
1544 2001 1565 2042 3
1578 1997 1636 2049 25¹·

341 2064 484 2124 lraeque
501 2097 513 2113 ‚
536 2060 752 2124 infidiaeque
768 2096 780 2114 ‚
804 2060 844 2107 δι
867 2059 1019 2106 crimina
1038 2059 1149 2124 noxia
1174 2058 1292 2106 cordi.

343 2132 493 2179 Odit&
511 2132 588 2196 ipse
606 2149 710 2197 pater
727 2133 863 2179 Pluton
876 2169 888 2187 .,
905 2133 1024 2180 odere
1043 2133 1192 2179 sorores

342 2206 529 2248 Tartareae
549 2203 752 2249 monstrum
773 2224 781 2249 :
804 2219 862 2250 tot
882 2203 959 2250 sese
979 2203 1091 2250 vertit
1115 2203 1152 2249 in
1172 2220 1236 2249 ora
1254 2237 1268 2256 ‚

342 2278 435 2321 Tam
458 2275 565 2321 saevae
584 2276 696 2323 facies
714 2312 727 2331 ,
750 2292 809 2324 tot
826 2276 984 2342 pullulat
1001 2293 1077 2323 atra
1097 2274 1274 2322 colubris.

343 2350 468 2407 Quam
486 2351 581 2395 Juno
600 2348 654 2394 his
674 2349 771 2396 acuit
789 2350 911 2397 verbis
926 2386 939 2403 ,
956 2368 998 2395 ac
1020 2349 1103 2395 talia
1119 2347 1214 2394 fatur
1231 2368 1241 2393 z
1540 2368 1630 2410 33⁰

343 2419 453 2465 Hunc
468 2418 558 2469 mihi
574 2421 619 2468 da
637 2420 832 2487 proprium
847 2456 860 2477 ,
881 2421 991 2486 virgo
1010 2421 1081 2467 sata
1104 2419 1228 2466 Νοξὶε
1244 2454 1256 2474 ,
1276 2419 1473 2487 laborem3
