1715 3028
365 151 457 230 i86
629 187 741 230 ‚P.
814 173 1311 231 VIRGJ'LJI

410 295 603 337 ceptorum
619 285 776 332 Heleni,
798 288 918 325 vitatis
932 287 1145 340 Charybdis
1158 289 1196 328 &
1210 289 1354 343 Scyllae
1369 290 1532 343 periculis
1546 321 1559 338 ,
1582 291 1644 332 Si-

407 348 510 386 ciliae
535 350 638 386 litora
653 349 766 403 longo
784 351 932 389 circuitu
954 350 1408 400 circumve&us‚·tandem
1425 352 1644 406 Drepanum

408 411 623 459 advehitur,
640 413 701 451 ubi
719 413 896 453 Anchises
910 445 924 461 ,
946 426 1025 453 tum
1041 414 1139 454 senio
1154 427 1233 454 tum
1255 415 1385 470 longae
1399 417 1646 471 navigationis

408 474 605 529 jaffatione
621 475 790 530 fatigatus
803 509 815 526 ,
833 477 915 518 fatis
931 479 1112 518 concedit.
1127 479 1215 519 Inde
1226 479 1364 518 Italiam
1380 481 1568 532 petituruS,
1579 481 1647 519 im·
1680 491 1691 495 ·

408 536 514 577 missa
532 537 578 576 ab
600 538 712 579 AEolo
736 538 850 579 subita
869 539 1080 594 tempestate
1102 541 1141 580 in
1161 539 1328 580 Africam
1348 532 1510 594 ejicitur}
1534 553 1644 595 quam

408 614 553 656 partem
568 602 662 641 libro
677 604 798 657 primo
814 603 1028 657 exsequitur.

355 726 716 847 POSTQUAM
741 812 798 841 res
821 793 912 841 Afiae
928 829 940 848 ,
958 793 1165 857 Priamique
1187 809 1357 840 evertere
1376 808 1528 858 gentem

353 868 575 914 Immeritam
602 868 720 916 visum
741 869 889 933 Superis
906 905 918 922 ‚
944 868 1155 933 ceciditque
1176 869 1374 933 superbum
1428 923 1429 926 Ἴ

352 941 461 989 Ilium
477 978 488 996 ‚
509 942 549 990 &
571 944 692 989 omnis
711 943 825 990 humo
843 944 957 992 fumat
973 944 1163 1008 Neptunia
1181 943 1321 1006 Troj33

354 1017 510 1064 Diversa
528 1017 653 1064 exsilia
676 1018 715 1065 ἃ
739 1019 899 1065 desertas
929 1037 1095 1081 quaerere
1115 1037 1227 1064 terras

355 1093 532 1153 Auguriis
551 1093 693 1157 agimur
717 1094 859 1140 Divom
878 1130 890 1147 ,
918 1095 1139 1156 classemque
1161 1093 1226 1138 sub
1245 1091 1321 1156 ipsa
1597 1108 1643 1171 ό

355 1166 546 1212 Antandro
572 1166 612 1212 ἃ
628 1166 802 1235 Phrygiae
820 1166 996 1211 molimur
1018 1165 1209 1211 montibus
1229 1164 1329 1217 Idae3

355 1239 492 1285 Incerti
511 1258 588 1303 quo
613 1240 683 1286 fata
704 1239 847 1293 ferant„
871 1239 934 1285 ubi
954 1238 1076 1285 fistere
1095 1237 1202 1285 detur
1220 1259 1232 1292 ·,

359 1313 701 1377 Contrahimusque
719 1314 833 1360 viros.
853 1314 927 1358 Vix
946 1312 1064 1377 prima
1085 1312 1274 1376 inceperat
1290 1311 1389 1357 aestas
1409 1331 1422 1366 ;

356 1388 405 1431 Et
423 1405 526 1451 pater
543 1386 721 1433 Anchises
745 1387 831 1432 dare
857 1385 937 1431 fatis
957 1386 1040 1431 vela
1060 1385 1211 1447 jubebat
1228 1405 1236 1429 t

356 1456 483 1504 Litora
506 1476 588 1503 curn
607 1458 733 1522 patriae
753 1458 941 1503 lacrimans
958 1457 1162 1521 portusque
1182 1455 1358 1518 relinquo
1593 1475 1646 1502 10

357 1530 406 1573 Et
423 1546 574 1592 campos
593 1564 606 1581 .,
630 1528 693 1574 ubi
712 1529 829 1590 Troja
853 1528 930 1573 fuit.
951 1531 1069 1573 Feror
1089 1528 1190 1573 exsul
1209 1527 1244 1573 in
1269 1528 1381 1573 altuni

357 1601 455 1645 Cum
478 1599 586 1646 sociis
603 1635 615 1654 ,
638 1615 802 1663 natoque
818 1636 830 1654 .,
849 1599 1044 1647 Penatibus
1059 1635 1071 1652 ‚
1087 1600 1126 1646 ἃ
1144 1601 1284 1664 magnis
1304 1604 1382 1646 Dis.

423 1675 541 1719 Terra
559 1673 693 1737 procul
713 1673 818 1718 vastis
837 1673 976 1719 colitur
991 1673 1183 1730 Mavortia
1202 1674 1339 1738 campis
1351 1684 1368 1727 ',

355 1747 519 1794 Thraces
546 1765 668 1802 arant,
687 1748 759 1793 acri
784 1748 973 1811 quondam
991 1766 1142 1811 regnata
1163 1751 1339 1813 Lycurgo
1358 1769 1371 1804 ·,

355 1819 572 1885 Hospitium
592 1821 784 1884 antiquum
800 1822 930 1884 Trojae
944 1857 955 1875 ‚
979 1820 1149 1884 sociique
1169 1826 1322 1869 Penates
1337 1858 1350 1877 ‚
1501 1878 1504 1879 ⁷
1591 1842 1639 1884 15

355 1894 457 1940 Dum
479 1891 625 1939 fortuna
644 1891 722 1937 fuit.
752 1894 869 1938 Feror
885 1891 958 1937 huc
971 1927 984 1946 ,
1004 1892 1044 1938 Sc
1061 1892 1173 1939 litore
1192 1911 1308 1939 curvo
1578 1898 1581 1899 ⁷

356 1965 506 2011 Moenia
525 1965 641 2030 prima
660 1965 751 2013 loco
768 2001 780 2019 ‚
806 1964 888 2014 fatis
911 1965 1089 2030 ingressus
1106 1965 1241 2030 iniquis
1259 1987 1268 2011 :

357 2040 615 2103 AEneadasque
635 2058 721 2085 meo
743 2057 882 2085 nomen
899 2039 946 2084 de
966 2039 1115 2085 nomine
1137 2038 1254 2102 fingo.

424 2116 531 2159 Sacra
550 2111 720 2159 Dionaeae
738 2111 872 2165 matri,
897 2111 1079 2175 Divisque
1094 2111 1256 2158 ferebam

354 2187 580 2253 'Auspicibus
601 2189 813 2252 coeptorum
834 2205 1013 2250 operum:
1035 2186 1245 2250 superoque
1267 2186 1468 2234 nitentem
1573 2198 1640 2235 '20

358 2260 592 2307 Coelicolum
615 2260 697 2323 regi
719 2259 918 2306 ma&abam
942 2258 976 2304 in
1001 2257 1114 2304 litore
1137 2272 1291 2304 taurum.

357 2336 471 2380 Forte
491 2333 559 2385 fuit
585 2334 683 2397 juxta
705 2333 889 2386 tumulus,
914 2350 990 2395 quo
1015 2348 1151 2377 cornea
1174 2329 1317 2377 summo

355 2408 528 2472 virgulta
549 2443 561 2462 ,
587 2407 627 2455 δι
647 2407 763 2453 denfis
782 2406 967 2453 hastilibus
986 2404 1134 2451 horrida
1151 2420 1304 2467 myrtus.

353 2484 521 2551 Acceffi3
542 2483 775 2552 viridemque
795 2484 840 2532 ab
858 2483 974 2530 humo
994 2480 1209 2531 convellere
1229 2479 1359 2529 silvam
