1715 3028
284 213 383 276 ffiss
641 215 696 262 R
770 217 1285 265 VJRGJLJJ

286 328 424 388 Ingens
443 323 640 371 arboreum
654 360 666 378 ‚
685 323 724 371 δι
745 323 845 372 saevo
866 324 915 371 fic
932 326 1088 390 peston?
1106 326 1223 373 fatur:

287 399 388 457 Quae
408 415 507 442 nunc
524 396 663 443 deinde
678 415 784 444 mora
802 399 881 445 est?
901 414 964 445 aut
983 399 1073 463 quid
1090 399 1163 462 jam
1178 435 1191 454 ‚
1207 402 1336 447 Turne
1351 433 1365 456 ‚
1381 399 1583 450 rettaftas?
1629 394 1631 397 ¹
1655 424 1669 438 ι’
1692 393 1700 408 ’

288 474 378 518 Non
401 471 534 525 cursu,
562 471 669 519 saevis
690 474 907 521 certandum
930 474 980 521 est
999 474 1206 522 comminus
1223 473 1343 521 armis.
1490 470 1583 541 89⁰..
1651 480 1655 484 ’
1701 511 1704 518 ,

285 550 403 592 Verte
425 547 545 593 omnis
565 562 642 594 tete
666 547 704 594 in
722 548 859 604 facien
884 549 925 597 ὅ(
950 549 1155 604 contrahe,
1170 549 1354 614 quidquid

285 620 375 666 Sive
395 620 526 666 animis
541 656 553 675 ‚
574 620 649 668 five
666 637 744 669 arte
767 624 894 671 vales:
920 639 1011 689 opta
1029 624 1139 670 ardua
1162 623 1297 689 pennis

282 694 388 740 Astra
410 693 515 757 sequi
530 730 542 749 ,
565 695 805 760 clausumque
827 715 916 744 cava
932 713 969 744 te
991 697 1158 744 condere
1176 713 1283 744 terra.

281 769 375 822 me,
394 785 504 833 caput
527 770 693 833 quassans
708 807 720 825 ,
737 773 831 818 Non
849 790 909 819 me
929 786 991 818 tua
1012 771 1154 819 fervida
1177 786 1321 819 terrent
1616 832 1618 834 v

283 846 392 892 Diua
405 882 417 900 ,
440 847 572 894 ferox1
589 851 638 894 Di
658 866 717 895 me
735 863 905 903 terrent,
924 849 964 896 δε
983 850 1152 914 Iuppiter
1169 848 1294 895 hostis.
1487 853 1543 909 89
1554 863 1583 908 ς’

282 919 367 964 Nec
391 919 495 983 plura
515 922 646 977 effatus
662 957 674 976 ‚
696 921 820 968 saxum
838 921 1087 987 circumspicit
1109 922 1242 987 ingens
1256 957 1269 975 .,

283 993 417 1038 Saxum
437 994 627 1058 antiquum
647 1031 659 1048 ‚
679 993 813 1059 ingens
826 1031 839 1049 ,
855 1013 989 1059 campo
1010 994 1115 1058 quod
1134 995 1234 1041 forte
1253 994 1422 1059 jacebat,

284 1064 404 1112 Limes
424 1085 516 1131 agro
538 1067 678 1132 positus
693 1104 706 1122 .,
726 1068 834 1115 litem
852 1083 893 1114 ut
910 1067 1139 1114 discerneret
1158 1066 1268 1114 arvis.

281 1139 354 1186 Vix
373 1139 465 1186 illud
483 1140 570 1188 leffi
592 1141 647 1187 bis
670 1141 732 1188 sex
754 1141 904 1188 cervice
927 1140 1092 1188 subirent
1107 1176 1120 1194 .,

239 1274 241 1276 q
281 1211 422 1272 Qualia
439 1229 538 1259 nunc
559 1212 753 1260 hominum
773 1212 951 1279 producit
968 1231 1132 1278 corpora
1149 1213 1272 1259 tellus.
1482 1230 1581 1274 900

279 1286 349 1331 Ille
368 1304 479 1332 manu
499 1302 644 1352 raptum
665 1287 810 1352 trepida
829 1287 1032 1351 torquebat
1051 1286 1088 1333 in
1107 1286 1252 1334 hostem
1271 1322 1285 1342 ‚

278 1358 405 1406 Altior
427 1359 619 1425 insurgens
634 1396 646 1415 ‚
664 1360 705 1408 δι
724 1360 831 1407 cursu
849 1360 1021 1407 concitus
1037 1395 1050 1414 ‚
1067 1359 1192 1406 heros.

277 1433 351 1478 Sed
371 1451 494 1497 neque
512 1448 724 1480 currentem
742 1433 779 1480 se
793 1469 805 1488 ‚
824 1452 895 1480 nec
914 1432 1117 1498 cognoscit
1135 1449 1284 1479 euntem
1304 1442 1319 1488 ‚'

271 1507 552 1554 'Tollentemve
572 1526 682 1554 manu
697 1543 709 1560 ‚
728 1507 927 1570 saxumque
945 1506 1106 1553 immane
1122 1522 1368 1554 moventem:

279 1585 415 1627 Genua
439 1582 588 1628 labant:
607 1581 753 1646 gelidus
773 1580 970 1627 concrevit
988 1580 1132 1644 frigore
1155 1580 1315 1644 sanguis.
1482 1575 1578 1648 90'5

275 1656 374 1699 Tum
391 1653 485 1718 lapis
502 1653 582 1717 ipse
600 1651 671 1700 viri
686 1687 698 1705 ,
719 1670 876 1698 vacuum
896 1670 963 1715 per
983 1651 1095 1698 inane
1112 1652 1264 1698 volutus
1280 1688 1295 1707 ,

271 1730 358 1775 Nec
374 1727 529 1792 spatium
549 1726 662 1773 evasit
679 1740 826 1779 totum,
847 1743 917 1771 nec
937 1724 1092 1789 pertulit
1108 1724 1230 1772 isium.

270 1807 333 1849 'Ac
350 1803 455 1849 velut
478 1800 671 1848 insomnis
686 1836 699 1854 .,
721 1799 856 1846 oculos
877 1798 939 1845 ubi
954 1799 1136 1864 languida
1157 1801 1281 1865 preffit

273 1879 311 1922 N
317 1876 400 1923 otte
420 1876 526 1940 quies
544 1911 556 1930 ‚
577 1874 831 1938 nequidquam
851 1873 984 1920 avidos
1007 1875 1211 1922 extendere
1230 1875 1355 1922 cursus

273 1950 388 1996 Velle
405 1949 602 2005 videmur,
625 1948 665 1996 δι
683 1948 722 1994 in
742 1947 875 1994 mediis
896 1946 1092 1995 conatibus
1113 1948 1206 2013 aegri
1465 1969 1506 2012 ⁷9
1519 1970 1573 2000 10

273 2023 532 2078 Succidimus3
553 2042 632 2070 non
651 2022 780 2087 lingua
803 2021 934 2075 valet,
959 2039 1036 2068 non
1056 2040 1221 2086 corpore
1241 2037 1346 2070 notae

273 2096 470 2143 Sufficiunt
487 2096 585 2143 vires
600 2132 612 2150 ‚
636 2114 706 2142 nec
724 2114 802 2141 vox
825 2113 894 2140 nec
913 2094 1028 2140 verba
1053 2094 1280 2159 sequuntur:

273 2169 335 2215 Sic
354 2173 487 2216 Turno
501 2205 513 2224 ,
532 2187 754 2233 quacunque
779 2167 876 2215 viam
894 2168 1034 2214 virtute
1055 2168 1220 2232 petivit,

270 2244 483 2291 Succeffum
499 2247 580 2290 Dea
600 2242 680 2290 dira
701 2259 823 2307 negat.
842 2245 939 2288 Tum
963 2241 1120 2306 peftore
1141 2241 1264 2288 sensus

270 2321 476 2365 Vertuntur
492 2317 596 2364 varii.
617 2307 777 2364 Rutulos
795 2316 983 2380 adspechit
999 2352 1010 2369 ,
1030 2315 1070 2362 &
1086 2316 1216 2361 urbem
1231 2351 1244 2370 ‚
1476 2333 1501 2379 9
1515 2333 1572 2383 151

270 2394 554 2456 Cuticiaturque
570 2409 670 2439 metu
690 2428 701 2447 ,
721 2392 915 2455 telumque
933 2389 1065 2436 instare
1084 2389 1290 2444 tremiscir;

271 2468 355 2512 Nec
367 2502 378 2520 ,
397 2485 474 2530 quo
493 2466 530 2513 se
547 2465 705 2530 eripiat,
729 2484 798 2511 nec
814 2500 827 2519 .,
847 2483 918 2527 qua
936 2462 974 2508 vi
992 2462 1119 2509 tendat
1138 2462 1176 2508 in
1195 2461 1339 2510 hostem
1357 2498 1371 2518 .,

271 2540 354 2585 Nec
374 2558 498 2586 currus
517 2540 672 2604 usquam
688 2538 792 2586 videt
809 2574 822 2593 ,
845 2535 1059 2600 aurigamve
1077 2535 1259 2582 sororem.
