1715 3028
305 164 406 217 ‘424
663 163 1295 208 P.V1RGILJI

312 267 458 327 frange
474 281 582 310 manu
601 265 714 311 telum
733 265 883 331 Phrygii
901 266 1089 331 praedonis
1102 302 1115 321 ‚
1135 266 1175 314 δι
1193 267 1311 332 ipsum

311 339 476 383 Pronum
495 336 613 385 sterne
631 338 715 385 solo
731 374 744 392 ‚
761 339 955 404 portisque
975 340 1126 386 effunde
1145 339 1209 385 sub
1228 339 1321 386 altis.

306 410 491 474 Cingitur
510 410 589 475 ipse
607 412 729 459 furens
755 413 918 460 certatim
940 414 977 460 in
998 415 1131 479 proelia
1147 417 1307 461 Turnus.

309 487 462 548 Jamque
481 487 577 532 adeo
595 487 770 533 Rutulum
786 486 936 534 thoraca
956 488 1106 534 indutus
1125 489 1224 536 aenis

311 558 498 605 Horrebat
522 552 678 623 squamis
693 595 705 614 ,
720 559 889 623 surasque
907 560 1104 607 incluserat
1122 581 1211 609 auro
1228 598 1240 616 ‚

310 633 503 695 Tempora
523 633 641 679 nudus
657 633 800 688 adhuc3
819 634 1000 698 laterique
1017 635 1226 683 accinxerat
1243 636 1397 692 ensem·‚

310 704 569 769 Fulgebatque
591 707 661 753 alta
681 707 880 753 decurrens
899 726 1028 754 aureus
1047 727 1130 755 arce
1147 730 1156 755 :
1264 686 1279 739 ι

310 776 552 841 Exsultatque
572 779 697 825 animis
713 817 725 834 ‚
744 778 866 843 &spe
886 780 957 842 jam
977 780 1147 844 praecipit
1165 780 1319 827 hostem.

310 849 467 909 Qualis,
487 850 548 896 ubi
567 851 730 916 abruptis
744 851 839 916 fugit
859 852 1035 916 praesepia
1055 852 1212 907 vinclis,

308 923 474 969 Tandem
493 922 589 970 liber
609 943 723 989 equus
737 961 749 979 .,
766 924 1135 989 campoque'potitus
1153 926 1283 989 aperto
1302 961 1315 981 ‚

308 998 385 1041 Aut
403 995 467 1042 ille
487 996 523 1042 in
543 997 658 1061 pastus
676 1014 916 1060 armentaque
934 997 1053 1044 tendit
1072 1015 1247 1061 equarum
1263 1032 1276 1052 ‚

308 1071 385 1114 Aut
403 1069 559 1116 affuetus
577 1089 681 1134 aquae
699 1071 872 1135 perfundi
892 1070 1046 1117 flumine
1068 1090 1162 1118 noto

308 1142 452 1189 Emicat
463 1178 474 1197 .,
492 1144 715 1209 arreffisque
732 1144 856 1191 fremit
873 1143 1080 1190 cervicibus
1097 1142 1170 1190 alte
1337 1197 1340 1200 Α

306 1215 533 1261 Luxurians:
556 1217 758 1281 luduntque
776 1218 875 1280 jubae
894 1235 961 1281 per
978 1217 1076 1263 colla
1089 1253 1101 1271 ‚
1123 1235 1190 1281 per
1207 1234 1340 1263 armos.

308 1287 433 1334 Obvia
450 1289 509 1335 cui
527 1325 539 1343 ‚
555 1290 783 1338 Volscorum
801 1291 880 1337 acie
901 1291 1104 1338 comitante
1117 1328 1128 1346 ‚
1149 1291 1308 1337 Camilla

308 1363 486 1409 Occurrit
502 1401 514 1419 .,
534 1364 727 1428 portisque
745 1365 790 1412 ab
811 1384 912 1429 equo
933 1366 1062 1430 regina
1082 1358 1249 1429 sub-ipfis

303 1434 474 1482 Defiluit.
504 1440 629 1498 Quam
649 1453 728 1484 tota
747 1437 885 1484 cohors
904 1437 1041 1484 imitata
1058 1437 1194 1484 reliffis

304 1508 365 1553 Ad
382 1523 516 1555 terram
534 1509 692 1556 defluxit
708 1509 823 1572 equis.
843 1512 938 1554 Tum
957 1509 1041 1554 talia
1056 1509 1149 1554 fatur
1168 1528 1177 1552 ε

303 1583 430 1626 Turne
449 1616 461 1635 ‚
487 1581 539 1626 sui
558 1581 692 1627 merito
711 1580 736 1626 fi
757 1599 826 1644 qua
844 1580 894 1626 est
913 1579 1045 1626 fiducia
1063 1580 1152 1626 forti
1171 1614 1184 1633 ‚

301 1653 440 1699 Audeo
457 1689 469 1708 ‚
493 1652 533 1698 &
549 1654 756 1700 AEneadum
776 1653 958 1717 promitto
979 1669 1175 1699 occurrere
1192 1666 1320 1698 turmae
1334 1687 1348 1707 ‚
1417 1708 1420 1710 ‚

301 1728 470 1791 Solaque
487 1726 703 1790 Tyrrhenos
723 1727 864 1789 equites
884 1727 937 1772 ire
956 1726 1066 1772 obvia
1088 1740 1227 1771 contra.

299 1803 371 1847 Me
388 1800 464 1847 fine
483 1801 597 1864 prima
617 1818 726 1845 manu
743 1815 883 1846 tentare
900 1798 1064 1864 pericula
1081 1797 1172 1845 belli
1190 1819 1199 1843 ε

283 1878 357 1922 «ΤΠ
379 1875 495 1940 pedes
513 1875 558 1920 ad
577 1893 702 1922 nruros
721 1873 867 1921 subfiste
880 1910 891 1927 ‚
911 1873 950 1919 &
970 1872 1242 1933 moeniaserva.

297 1944 508 1994 Turnusad
526 1946 631 2002 haec,
652 1947 786 1994 oculos
804 1946 990 1993 horrenda
1007 1946 1045 1991 in
1064 1944 1211 2009 virgine
1228 1943 1319 1989 fixus
1336 1963 1346 1988 :

297 2024 334 2068 O
357 2022 472 2067 decus
488 2020 623 2074 Italiae,
640 2019 750 2083 virgo
766 2055 778 2073 ‚
800 2038 888 2083 quas
908 2019 1034 2065 dicere
1054 2017 1164 2082 gratis
1181 2053 1193 2072 ‚

297 2096 451 2157 Quasve
470 2095 609 2142 referre
628 2100 779 2159 parem?
802 2094 864 2140 sed
884 2111 1009 2147 nunc,
1028 2092 1079 2138 est
1098 2091 1218 2139 omnia
1237 2091 1388 2155 quando

294 2169 364 2216 Iste
387 2169 526 2216 animus
547 2168 679 2233 supra
699 2186 843 2214 mecum
870 2167 1004 2231 partire
1028 2165 1208 2212 laborem

293 2247 457 2295 AEneas,
477 2257 517 2288 ut
535 2242 628 2288 fama
652 2242 761 2289 fidem
779 2240 943 2304 miffique
960 2254 1153 2304 reportant

292 2319 588 2381 Exploratores,
608 2332 776 2381 equitum
800 2315 897 2362 levia
915 2315 1106 2381 improbus
1125 2332 1221 2360 arma

291 2390 467 2437 Praemifit
484 2427 496 2445 ‚
518 2405 712 2455 quaterent
731 2407 908 2454 campos:
931 2388 1010 2452 ipse
1029 2387 1138 2433 ardua
1158 2384 1298 2432 montis

289 2467 360 2511 Per
379 2464 522 2511 deserta
542 2464 635 2528 jugo
658 2463 830 2527 superans
850 2461 1025 2509 adventat
1043 2460 1086 2506 ad
1105 2459 1248 2506 urbem.

1506 345 1592 402 485

1504 728 1594 770 490

1503 1086 1589 1129 495

1502 1453 1591 1499 50⁰„

1498 1794 1580 1869 5615

1487 2141 1583 2223 ¹510
