1715 3028
276 166 430 240 ⁴118
679 168 735 214 P.
800 161 1295 211 VIRGJLJJ

330 271 468 319 Omnia
489 292 498 317 ε
531 289 600 318 uec
616 269 729 318 morti
749 268 822 316 esse
839 269 966 316 locum
982 305 994 324 ‚
1017 268 1081 315 sed
1096 269 1183 315 viva
1198 269 1330 316 volare
1365 306 1368 311 .

330 345 467 393 Sideris
489 345 527 391 in
547 361 738 391 numerum
755 378 768 397 ‚
798 358 907 407 atque
925 343 1002 390 alto
1023 342 1222 389 succedere
1240 342 1365 389 coelo.·
1431 364 1434 369 ·

396 419 434 466 Si
454 418 605 484 quaudo
626 416 750 463 sedem
770 416 954 480 augustam
969 451 981 471 ‚
999 408 1221 480 servataque
1231 415 1342 462 mella

330 494 528 542 Thesauris
547 491 685 540 relines
700 527 713 546 ‚
734 491 832 555 prius
850 490 975 538 haustu
996 490 1135 559 sparsus
1155 508 1330 555 aquarum

333 570 412 613 Ora
431 567 521 613 fove
540 600 554 620 .,
572 564 769 628 fumosque
788 582 894 613 manu
914 564 1107 629 praetcnde
1126 563 1305 628 sequacis.
1370 582 1383 601 ν
1436 583 1448 589 ’-
1473 581 1499 605 ⁴3¹

1529 568 1616 623 23⁰

331 641 390 688 Bis
411 640 585 706 gravidos
605 654 748 704 cogunt
771 639 883 686 foetus
897 672 911 693 ‚
931 637 1201 702 duo'tempora
1222 638 1337 686 meffis
1355 674 1368 693 ‚

331 718 504 780 Taygete
523 712 627 760 simul
654 732 695 760 os
713 712 818 759 terris
841 710 1002 759 ostendit
1021 710 1213 759 honestum

332 787 452 841 Plias,
471 786 511 834 &
528 784 673 832 Oceani
691 784 836 850 spretos
854 785 951 850 pede
969 783 1105 848 repulit
1118 783 1234 830 amnis
1251 804 1260 829 :

332 864 410 909 Aut
431 861 563 908 eadem'
579 858 673 905 fidus
691 858 837 923 fugiens
854 857 917 904 ubi
936 856 1053 922 piscis
1066 855 1193 920 aquosi

331 936 491 984 Tristior
509 935 680 981 hibernas
696 933 799 980 coelo
819 931 1010 979 descendit
1028 931 1066 978 in
1083 931 1210 978 undas.

331 1008 414 1057 Illis
428 1008 480 1055 ira
497 1007 650 1055 modum
674 1005 778 1071 supra
804 1005 854 1052 est
870 1041 883 1059 ,
902 1004 1074 1069 laesaeque
1097 1023 1284 1052 venenum

331 1082 521 1134 Morsibus
538 1080 717 1145 inspirant
733 1115 746 1133 ‚
771 1078 811 1125 δι
828 1077 964 1143 spicula
982 1097 1080 1125 caeca
1104 1078 1320 1142 relinquunt

333 1155 480 1203 Adfixae
501 1155 608 1201 venis
622 1189 635 1208 .‚
649 1151 859 1214 animasque
877 1151 913 1197 in
929 1151 1086 1199 vulnere
1102 1166 1261 1216 ponunt.

333 1227 400 1274 Sin
418 1227 543 1273 duram
561 1240 703 1272 metues
722 1223 881 1270 hiemem
899 1259 912 1277 ,
939 1222 1141 1287 parcesque
1161 1223 1286 1270 futuro
1302 1258 1315 1275 ‚
1375 1252 1377 1256 ι

335 1298 605 1362 Contusosque
623 1297 767 1345 animos
782 1333 795 1351 ,
824 1295 865 1344 8(
885 1315 942 1343 res
963 1296 1183 1343 miserabere
1202 1296 1328 1343 [τεθεὶς
1344 1317 1358 1352 ;

335 1375 387 1420 At
410 1372 531 1418 suffire
552 1371 684 1436 thymo
699 1407 711 1425 ‚
731 1370 906 1435 cerasque
928 1370 1097 1417 recidere
1115 1369 1229 1417 inanis

334 1447 431 1508 Quis
449 1446 619 1492 dubitet?
641 1463 723 1492 nam
740 1445 836 1508 saepe
854 1443 959 1489 favos
977 1442 1129 1506 ignotus
1150 1442 1275 1488 adedit

333 1521 468 1568 Stellio
484 1556 496 1574 ‚
515 1520 689 1582 lucifugis
719 1518 893 1582 congesta
921 1515 1055 1563 cubilia
1080 1514 1229 1562 blattis:

331 1592 582 1656 Immunisqiie
602 1592 731 1639 sedens
750 1591 867 1638 aliena
892 1590 936 1637 ad
963 1589 1097 1654 pabula
1115 1588 1218 1635 fucus
1236 1624 1249 1643 ‚

332 1669 409 1714 Aut
428 1666 533 1731 asper
552 1666 682 1712 crabro
699 1664 897 1730 imparibus
916 1663 953 1709 se
971 1661 1168 1709 immiscui-t
1185 1661 1318 1716 armis3

331 1741 408 1785 Aut
436 1738 581 1791 dirum,
603 1737 712 1784 tineae
726 1773 739 1791 ‚
759 1754 900 1801 genus,
925 1750 985 1782 aut
1004 1734 1121 1781 invisa
1138 1733 1326 1781 Minervae.

331 1812 450 1858 Laxos
469 1811 506 1857 in
527 1809 668 1856 foribus
689 1808 877 1873 suspendit
894 1825 1023 1854 aranea
1040 1804 1162 1852 casses.

333 1889 426 1947 Quo
447 1884 561 1949 magis
581 1883 760 1931 exhaustae
781 1882 920 1929 fuerint
938 1917 951 1937 ‚
973 1881 1049 1928 hoc
1065 1878 1184 1936 acrius
1204 1885 1350 1926 omnes'

330 1961 550 2008 Incumbent
567 1959 714 2024 generis
730 1957 819 2023 lapsi
838 1956 968 2003 sarcire
986 1956 1102 2002 ruinas
1116 1989 1129 2008 ‚
1146 1973 1147 1976 ¹

333 2034 666 2097 Complebuntque
691 2030 796 2078 foros
814 2066 828 2084 ‚
845 2030 884 2077 ἃ
902 2028 1059 2076 floribus
1075 2028 1209 2074 horrea
1227 2026 1366 2073 texens.
1386 2056 1387 2060 =

397 2106 433 2153 Si
452 2125 544 2153 vero
565 2104 766 2168 (quoniam
786 2104 885 2151 casus
898 2102 1035 2167 apibus
1053 2118 1206 2165 quoque
1226 2098 1370 2145 nostros

330 2178 415 2224 Vita
432 2179 544 2237 tulit)
559 2179 647 2226 tristi
668 2177 897 2240 languebunt
924 2192 1084 2239 corpora
1105 2172 1240 2219 morbo
1257 2207 1271 2226 .,

331 2252 451 2312 Quod
470 2252 540 2313 jam
559 2270 636 2299 non
655 2250 774 2298 dubiis
793 2248 934 2314 poteris
952 2246 1185 2312 cognoscere
1201 2243 1312 2308 signis
1332 2264 1345 2299 ;
1384 2310 1387 2314 ‚

332 2326 528 2373 Continuo
551 2327 601 2374 est
627 2326 734 2387 aegris
759 2317 850 2371 alius
873 2324 1008 2371 color:
1029 2319 1176 2368 horrida
1193 2319 1340 2366 voltum

333 2396 529 2447 Deformat
551 2397 684 2443 macies
703 2417 712 2441 :
742 2412 816 2442 tum
837 2413 997 2459 corpora
1013 2393 1097 2439 luce
1119 2406 1306 2439 carentum

335 2473 542 2535 Expertant
559 2470 662 2521 testis
677 2505 690 2525 ‚
715 2469 754 2518 δι
772 2469 881 2519 tristia
899 2468 1028 2518 funera
1051 2467 1190 2513 ducunt
1206 2485 1217 2513 ε

1517 1307 1614 1353 '240

1520 1680 1605 1726 245

1445 2063 1450 2069 .›
1519 2044 1609 2087 250
