1715 3028
275 182 340 228 ²4
604 163 1239 215 P.VIRGILII

272 273 344 321 Hic
364 271 503 320 cornlis
521 270 653 319 mixtas
677 272 775 320 inter
799 266 1022 319 confidimus
1046 273 1200 320 ulmos?

275 364 357 394 mo.
378 350 438 393 Tu
454 347 574 410 major
591 367 600 391 ε
623 345 690 392 tibi
711 365 772 393 me
790 346 842 394 est
861 365 1010 410 aequum
1029 366 1160 413 parere
1179 382 1193 402 ,
1214 347 1389 397 Menalca
1402 368 1415 395 ε

274 422 364 468 Sive
383 421 448 468 sub
467 421 624 467 incertas
645 420 830 487 Zephyris
848 421 1075 469 mutantibus
1093 422 1239 469 umbras
1257 457 1271 476 ,
1553 440 1573 484 5

272 496 362 542 Sive
380 511 488 543 antro
509 494 636 560 potius
657 495 886 545 succedimus
906 517 915 542 ε
936 495 1110 561 adspice,
1127 512 1169 544 ut
1187 511 1335 544 antrum

273 569 458 615 silvestris
486 568 574 616 raris
603 568 728 635 sparsit
746 569 911 617 labrusca
935 570 1100 617 racemis.

276 661 350 690 ME.
373 643 576 691 Montibus
596 643 641 702 in
656 643 789 691 nostris
809 644 910 692 solus
928 644 996 691 tibi
1018 660 1137 692 certet
1157 648 1348 711 Amyntas.

276 735 356 764 Μο.
381 717 485 779 Quid
504 754 517 773 ‚
543 718 570 764 fi
589 717 689 765 idem
709 733 829 765 certet
845 719 1030 766 Phoebum
1051 719 1225 784 superare
1245 720 1451 769 canendo?

277 809 350 838 ME.
368 792 701 858 Incipe‚Mopse‚
721 793 847 858 prior:
863 793 890 840 fi
909 812 1006 858 quos
1023 809 1084 840 aut
1102 793 1285 858 Phyllidis
1299 794 1405 861 ignes
1419 829 1434 851 ‚
1524 812 1580 842 ιο

279 871 355 912 Aut
374 867 532 913 Alconis
556 867 668 914 habes
685 867 813 914 laudes
831 903 845 922 ‚
873 883 935 913 aut
953 867 1075 932 jurgia
1095 866 1228 914 Codri.

279 938 432 1003 Incipe:
454 939 638 1004 pascentis
665 939 827 986 servabit
850 940 1006 1005 Tityrus
1038 940 1179 987 haedos.

280 1029 360 1058 Mo.
381 1017 500 1060 Immo
519 1013 625 1068 haec,
644 1012 683 1060 in
700 1012 813 1059 viridi
835 1031 955 1077 nuper
972 1032 1057 1078 quae
1081 1013 1224 1060 cortice
1242 1013 1318 1078 fagi

282 1084 459 1131 Carmina
476 1083 651 1148 descripsi
668 1119 681 1138 ‚
705 1083 745 1131 &
763 1085 961 1130 modulans
980 1085 1120 1131 alterna
1139 1085 1269 1132 notavi
1287 1120 1301 1140 ,

283 1157 489 1221 Experiar:
510 1172 550 1204 tu
567 1157 706 1205 deinde
724 1158 857 1220 jubeto
879 1172 997 1204 certet
1016 1163 1208 1221 Amyntas.
1368 1204 1371 1207 ,
1532 1176 1583 1220 15

284 1250 355 1279 ME.
374 1236 490 1278 Lenta
509 1231 598 1278 salix
617 1246 794 1294 quantum
814 1225 971 1295 pallenti
991 1230 1092 1278 cedit
1111 1229 1228 1277 olivae
1245 1265 1260 1286 ,

283 1304 457 1352 Puniceis
477 1303 626 1350 humilis
644 1319 822 1368 quantum
847 1303 1008 1351 saliunca
1028 1303 1162 1351 rosetis
1182 1323 1192 1348 ε

284 1378 433 1427 Iudicio
453 1378 580 1440 nostro
600 1392 743 1424 tantum
760 1378 827 1423 tibi
849 1377 950 1424 cedit
970 1381 1165 1441 Amyntas.

286 1470 366 1499 Mo.
383 1453 458 1499 Sed
476 1468 517 1498 tu
536 1451 661 1498 define
678 1452 785 1515 plura
798 1487 810 1504 ‚
831 1470 947 1516 puer:
969 1451 1198 1499 succeffimus
1214 1462 1341 1498 antri-1.v

285 1524 514 1572 Exstinffim
529 1523 720 1588 Nymphae
737 1523 881 1569 crudeli
899 1524 1031 1570 funere
1051 1522 1231 1588 Daphnin
1531 1543 1591 1572 20

286 1608 468 1655 flebant:
494 1626 565 1653 vos
584 1605 706 1653 coruli
724 1606 857 1660 teste5‚
881 1605 922 1652 &
941 1605 1094 1652 flumina
1110 1642 1122 1661 ‚
1140 1604 1327 1670 Nymphis
1345 1624 1356 1650 ε

289 1685 389 1728 Cum
403 1716 415 1735 ,
439 1680 637 1744 complexa
656 1679 709 1726 sui
726 1698 863 1744 corpus
881 1679 1094 1726 miserabile
1113 1678 1245 1744 gnati,

286 1755 416 1815 Atque
435 1755 542 1798 Deos
561 1767 673 1815 atque
689 1751 779 1797 astra
798 1767 912 1799 vocat
935 1750 1101 1798 crudelia
1125 1764 1254 1797 mater.

287 1829 383 1873 Non
409 1826 478 1871 ulli
504 1826 626 1890 pastos
654 1826 728 1872 illis
758 1844 873 1890 egere
901 1825 1032 1871 diebus

287 1900 442 1965 frigida
455 1936 467 1955 ‚
488 1900 668 1965 Daphni,
684 1900 805 1947 boves
824 1900 869 1946 ad
886 1899 1041 1946 flumina
1058 1919 1067 1944 z
1091 1898 1191 1945 nulla
1209 1916 1332 1963 neque
1349 1916 1497 1948 amnem
1533 1917 1588 1966 ξς

291 1973 437 2021 Libavit
455 1974 666 2038 quadrupes
684 2008 697 2027 .,
726 1991 795 2020 nec
816 1970 990 2036 graminis
1012 1969 1135 2033 attigit
1154 1970 1318 2030 herbam.

291 2045 472 2109 Daphni,
493 2060 597 2091 tuum
614 2048 755 2091 Poenos
772 2042 882 2090 etiam
901 2041 1121 2107 ingemuisse
1143 2041 1279 2089 leones

291 2119 516 2174 Internum,
543 2119 771 2183 montesque
795 2117 865 2164 seri
892 2117 1071 2181 filvaeque
1098 2117 1319 2180 loquuntur.

291 2193 462 2257 Daphnis
484 2193 524 2240 ἃ
541 2193 735 2240 Armenias
755 2211 864 2239 curru
885 2191 1112 2255 subjungere
1129 2190 1234 2255 tigris

293 2265 452 2314 instituit
467 2303 478 2321 ,
501 2268 668 2332 Daphnis
686 2266 825 2314 thiasos
846 2265 1026 2312 inducere
1044 2264 1177 2311 Bacchi
1195 2300 1210 2318 ‚
1525 2282 1584 2325 30

295 2342 343 2386 Et
361 2339 463 2386 foliis
483 2341 600 2386 lentas
619 2339 786 2387 intexere
809 2341 987 2402 mollibus
1010 2338 1135 2386 hastas.

298 2413 395 2459 Vitis
415 2429 454 2459 ut
473 2413 668 2460 arboribus
693 2414 825 2460 decori
844 2415 895 2460 est
909 2450 921 2469 ,
940 2429 980 2460 ut
997 2414 1135 2460 vitibus
1154 2432 1238 2460 uvae
1255 2451 1268 2466 ,
1324 2424 1325 2427 ’

295 2491 349 2536 Ut
366 2488 543 2554 gregibus
560 2488 654 2539 tauri
674 2525 687 2544 ,
711 2489 857 2555 segetes
882 2506 923 2537 ut
940 2488 1142 2556 pinguibus
1164 2487 1288 2542 arvis;
