1715 3028
310 158 397 213 tv
671 152 719 203 Ρ.
788 150 1289 202 VIRGJLffJ

390 258 572 308 crederet,
595 269 702 312 atque
728 259 779 297 ita
799 258 914 313 vulgo
936 257 1115 298 creditum
1137 258 1266 301 fuisse:
1265 258 1365 326 ejus
1381 261 1436 300 rei
1459 260 1559 315 spem
1573 275 1618 301 ac

389 319 504 360 fidem
530 322 735 360 carminum
762 320 916 374 gratiam
939 319 1087 371 feciss‘e3
1119 320 1222 362 fuisse
1246 333 1371 362 tamen
1399 322 1499 362 illum
1525 321 1618 376 pos-

389 383 603 425 sesfionibus
628 385 696 426 suis
725 381 905 440 ejeflum,
930 399 1050 441 neque
1075 352 1116 426 id
1143 385 1219 431 fine
1251 400 1390 459 magno
1426 386 1617 442 periculo,

390 447 634 501 v15&16.

592 544 1350 624 LYC¹1DA8‚MOE'R15.

335 715 371 744 L.
528 714 590 745 uo
607 714 644 745 te
658 733 671 752 ,
689 700 829 753 Moeri,
846 700 989 764 pedes?
1011 719 1055 747 an
1071 736 1084 755 ‚
1101 718 1179 765 quo
1198 700 1258 747 via
1277 700 1391 755 ducit,
1404 700 1440 747 in
1460 693 1588 748 urbem
1601 705 1627 763 ἓ,

336 788 385 816 Μ.
407 774 443 817 Ο
464 772 600 836 Lycida
616 808 629 827 ‚
655 771 732 819 vivi
750 775 985 837 pervenimus
1000 811 1013 830 ‚
1032 775 1173 821 advena
1195 774 1329 829 nostri,

334 845 458 906 Quod
477 864 659 910 nunquam
679 847 788 897 veriti
807 847 927 894 sumus
943 883 955 902 ‚
974 866 1014 895 ut
1032 848 1213 913 poffeffor
1229 848 1343 913 agelli

340 921 519 968 Diceret:
541 924 633 968 Haec
649 941 731 969 mea
752 922 833 970 sunt
849 944 858 969 :
877 937 1025 970 veteres
1045 923 1199 987 migrate
1223 922 1365 969 coloni.

334 997 445 1042 Nunc
462 988 578 1050 vieti)
596 996 712 1043 tristes
727 1032 740 1051 ,
758 997 936 1061 quoniam
955 1000 1047 1043 Fors
1067 996 1192 1043 omnia
1212 995 1360 1050 versat,
1534 1004 1541 1008 ”
1595 1012 1612 1054 5

334 1071 416 1117 Hos
435 1069 489 1116 illi
509 1070 644 1134 (quod
666 1081 735 1117 n'ec
752 1072 850 1117 bene
872 1074 1014 1131 vertat)
1034 1070 1207 1117 mittimus
1225 1069 1366 1116 haedos.
1539 1062 1541 1069 ’

333 1159 369 1188 L.
390 1144 505 1188 Certe
527 1142 703 1206 equidem
720 1143 906 1190 audieram
921 1179 934 1197 ‚
953 1162 1026 1206 qua
1046 1143 1083 1188 se
1105 1142 1310 1188 subducere
1328 1141 1447 1188 colles

333 1214 547 1278 Incipiunt,
565 1215 749 1278 mollique
768 1216 896 1280 jugum
915 1216 1114 1262 demittere
1135 1215 1257 1268 clivo,

335 1286 465 1350 Usque
483 1288 530 1333 ad
548 1307 679 1355 aquam
694 1323 706 1343 ,
726 1288 767 1336 ὅ(
784 1304 931 1335 veteres
943 1325 954 1343 ,
972 1289 1046 1352 jam
1071 1289 1181 1336 fracia
1200 1290 1390 1337 cacumina
1404 1324 1418 1343 ‚
1434 1288 1543 1353 fagos
1556 1322 1570 1342 ‚

335 1359 473 1406 Omnia
493 1360 710 1407 carminibus
727 1361 888 1408 vestrum
910 1361 1066 1408 servaffe
1082 1362 1294 1409 Menalcan.
1398 1400 1401 1415 ,
1565 1381 1619 1407 10

336 1451 385 1482 Μ.
407 1434 614 1489 Audieras3
636 1434 676 1482 ὅ(
695 1434 788 1482 fama
805 1436 881 1482 fuit.
902 1436 965 1482 sed
993 1434 1151 1482 carmina
1166 1451 1302 1482 tantum

335 1507 472 1554 Nostra
492 1508 638 1562 valent,
656 1508 820 1572 Lycida,
840 1510 913 1556 tela
932 1510 1026 1556 inter
1049 1510 1186 1557 Martia
1201 1546 1214 1565 ,
1235 1525 1410 1575 quantum

336 1581 526 1628 Chaonias
552 1580 681 1628 dicunt
696 1617 709 1635 ,
728 1582 851 1645 aquila
869 1582 1042 1630 veniente
1056 1619 1069 1637 ,
1087 1583 1292 1631 columbas.

337 1656 458 1715 Quod
479 1652 541 1700 nifi
563 1672 621 1699 me
643 1672 866 1718 quacunque
883 1674 999 1702 novas
1019 1655 1183 1703 incidere
1203 1656 1278 1703 litis

337 1733 436 1774 Ante
456 1726 591 1774 finistra
608 1738 698 1773 cava
718 1727 914 1775 monuisset
932 1729 976 1775 ab
993 1729 1080 1775 ilice
1104 1729 1232 1776 cornix
1245 1764 1258 1784 ‚
1566 1750 1614 1790 ¹5

337 1801 421 1846 Nec
440 1818 520 1847 tuus
539 1800 599 1846 bic
617 1801 776 1856 Moeris,
798 1820 868 1848 nec
888 1801 1035 1849 viveret
1052 1802 1131 1867 ipse
1149 1802 1352 1848 Menalcas.

338 1894 372 1921 ι.
392 1877 501 1920 Heu'
523 1874 645 1921 cadit
637 1892 673 1920 1n
693 1892 918 1939 quemquam
938 1891 1075 1923 tantum
1094 1875 1234 1921 scelus?
1252 1875 1347 1928 heu,
1367 1892 1429 1921 tua
1449 1874 1557 1923 nobis

337 1950 447 1994 Paene
465 1946 571 1994 fimul
589 1963 712 1993 tecum
731 1947 859 1994 solatia
877 1964 1000 2013 rapta,
1017 1948 1214 1995 Menalca!

337 2023 438 2083 Quis
455 2037 603 2069 caneret
621 2022 842 2087 Nymphas?
861 2024 941 2088 quis
959 2024 1109 2070 humum
1129 2022 1349 2069 florentibus
1368 1996 1472 2069 berbi
1463 2041 1505 2068 s

339 2098 561 2160 Spargeret.
552 2103 566 2130 ²
588 2112 650 2144 aut
667 2096 776 2143 viridi
796 2097 908 2143 fontis
927 2097 1121 2145 induceret
1138 2096 1290 2142 umbra?
1486 2115 1488 2118 ’
1563 2114 1618 2140 20

338 2169 413 2215 Vel
430 2188 513 2234 quae
533 2171 679 2236 sublegi
696 2174 824 2218 tacitus
844 2171 910 2218 tibi
932 2172 1091 2219 carmina
1119 2188 1256 2234 nuper,
1448 2177 1449 2180 ’

340 2246 440 2291 Cum
457 2260 493 2291 te
514 2247 559 2292 ad
578 2246 729 2293 delicias
748 2246 863 2294 ferres
876 2283 889 2302 ‚
905 2245 1157 2312 Amaryllida,
1175 2244 1342 2291 nostras?

338 2316 471 2380 Tityre
484 2352 496 2370 ‚
518 2318 606 2363 dum
625 2318 743 2365 redeo
765 2319 916 2378 (brevis
935 2319 985 2365 est
1004 2318 1093 2377 via)
1115 2316 1222 2381 pasce
1243 2314 1420 2379 capellas:

339 2392 387 2434 Et
407 2407 537 2453 potum
557 2391 670 2454 pastas
688 2410 758 2456 age
773 2428 786 2445 ‚
804 2394 957 2456 Tityre:
991 2391 1032 2439 ὅ(
1050 2391 1144 2438 inter
1162 2390 1345 2454 agendum.

339 2462 546 2515 Occursare
568 2481 681 2527 capro
697 2498 709 2516 ,
731 2482 848 2511 cornu
869 2464 953 2513 ferit
973 2463 1037 2510 ille
1052 2499 1064 2519 ‚
1083 2478 1232 2512 cavetur
1563 2482 1614 2522 25
