<?xml version="1.0" encoding="UTF-8"?>
<!DOCTYPE html PUBLIC "-//W3C//DTD XHTML 1.0 Transitional//EN"
    "http://www.w3.org/TR/xhtml1/DTD/xhtml1-transitional.dtd">
<html xmlns="http://www.w3.org/1999/xhtml" xml:lang="en" lang="en">
 <head>
  <title>
</title>
<meta http-equiv="Content-Type" content="text/html;charset=utf-8" />
  <meta name='ocr-system' content='tesseract 3.04.00' />
  <meta name='ocr-capabilities' content='ocr_page ocr_carea ocr_par ocr_line ocrx_word'/>
</head>
<body>
  <div class='ocr_page' id='page_1' title='image "./pvirgiliimaronis001virg_0288.png"; bbox 0 0 1715 3028; ppageno 0'>
   <div class='ocr_carea' id='block_1_1' title="bbox 351 154 1308 206">
    <p class='ocr_par' dir='ltr' id='par_1_1' title="bbox 351 154 1308 206">
     <span class='ocr_line' id='line_1_1' title="bbox 351 154 1308 206; baseline -0.001 -1"><span class='ocrx_word' id='word_1_1' title='bbox 351 157 442 206; x_wconf 77' lang='lat'>282</span> <span class='ocrx_word' id='word_1_2' title='bbox 626 154 1308 205; x_wconf 67' lang='lat' dir='ltr'><strong><em>&#39;RVJRGJLIJ</em></strong></span> 
     </span>
    </p>
   </div>
   <div class='ocr_carea' id='block_1_2' title="bbox 344 259 1480 2318">
    <p class='ocr_par' dir='ltr' id='par_1_2' title="bbox 344 259 1480 2318">
     <span class='ocr_line' id='line_1_2' title="bbox 347 259 1269 324; baseline 0.002 -18"><span class='ocrx_word' id='word_1_3' title='bbox 347 260 482 306; x_wconf 84' lang='lat' dir='ltr'>Infelix</span> <span class='ocrx_word' id='word_1_4' title='bbox 500 259 628 307; x_wconf 81' lang='lat' dir='ltr'>habuit</span> <span class='ocrx_word' id='word_1_5' title='bbox 643 259 818 306; x_wconf 85' lang='lat' dir='ltr'>thalamus</span> <span class='ocrx_word' id='word_1_6' title='bbox 834 295 846 314; x_wconf 81' lang='lat'>‚</span> <span class='ocrx_word' id='word_1_7' title='bbox 867 259 1064 324; x_wconf 85' lang='lat' dir='ltr'>preffitque</span> <span class='ocrx_word' id='word_1_8' title='bbox 1085 261 1269 324; x_wconf 84' lang='lat' dir='ltr'>jacentem</span> 
     </span>
     <span class='ocr_line' id='line_1_3' title="bbox 345 333 1391 397; baseline 0.001 -17"><span class='ocrx_word' id='word_1_9' title='bbox 345 333 477 380; x_wconf 84' lang='lat' dir='ltr'>Dulcis</span> <span class='ocrx_word' id='word_1_10' title='bbox 501 335 541 380; x_wconf 85' lang='lat'>&amp;</span> <span class='ocrx_word' id='word_1_11' title='bbox 558 334 631 381; x_wconf 87' lang='lat' dir='ltr'>alta</span> <span class='ocrx_word' id='word_1_12' title='bbox 649 333 784 397; x_wconf 88' lang='lat' dir='ltr'>quies</span> <span class='ocrx_word' id='word_1_13' title='bbox 808 333 1039 397; x_wconf 71' lang='lat' dir='ltr'>placidaeque</span> <span class='ocrx_word' id='word_1_14' title='bbox 1059 334 1240 382; x_wconf 82' lang='lat' dir='ltr'>fimillima</span> <span class='ocrx_word' id='word_1_15' title='bbox 1262 335 1391 383; x_wconf 83' lang='lat' dir='ltr'>morti.&#39;</span> 
     </span>
     <span class='ocr_line' id='line_1_4' title="bbox 347 407 1213 470; baseline 0.002 -18"><span class='ocrx_word' id='word_1_16' title='bbox 347 407 538 470; x_wconf 77' lang='lat' dir='ltr'>Egregia</span> <span class='ocrx_word' id='word_1_17' title='bbox 530 422 673 453; x_wconf 77' lang='lat' dir='ltr'>interea</span> <span class='ocrx_word' id='word_1_18' title='bbox 691 407 832 468; x_wconf 80' lang='lat' dir='ltr'>conjux</span> <span class='ocrx_word' id='word_1_19' title='bbox 849 425 947 453; x_wconf 85' lang='lat' dir='ltr'>arma</span> <span class='ocrx_word' id='word_1_20' title='bbox 967 407 1089 454; x_wconf 89' lang='lat' dir='ltr'>omnia</span> <span class='ocrx_word' id='word_1_21' title='bbox 1108 408 1213 454; x_wconf 75' lang='lat' dir='ltr'>teffis</span> 
     </span>
     <span class='ocr_line' id='line_1_5' title="bbox 346 462 1272 544; baseline 0.001 -19"><span class='ocrx_word' id='word_1_22' title='bbox 346 482 539 533; x_wconf 76' lang='lat' dir='ltr'>Emovet‚</span> <span class='ocrx_word' id='word_1_23' title='bbox 561 478 600 526; x_wconf 65' lang='grc' dir='ltr'>δε</span> <span class='ocrx_word' id='word_1_24' title='bbox 621 479 733 526; x_wconf 87' lang='lat' dir='ltr'>fidum</span> <span class='ocrx_word' id='word_1_25' title='bbox 754 479 864 544; x_wconf 85' lang='lat' dir='ltr'>capiti</span> <span class='ocrx_word' id='word_1_26' title='bbox 882 462 1102 527; x_wconf 82' lang='lat' dir='ltr'>si1bduxerat</span> <span class='ocrx_word' id='word_1_27' title='bbox 1120 480 1272 526; x_wconf 86' lang='lat' dir='ltr'>ensem:</span> 
     </span>
     <span class='ocr_line' id='line_1_6' title="bbox 344 553 1328 617; baseline 0.004 -20"><span class='ocrx_word' id='word_1_28' title='bbox 344 556 445 598; x_wconf 88' lang='lat' dir='ltr'>Intra</span> <span class='ocrx_word' id='word_1_29' title='bbox 462 553 556 599; x_wconf 67' lang='lat' dir='ltr'>testa</span> <span class='ocrx_word' id='word_1_30' title='bbox 577 569 688 601; x_wconf 83' lang='lat' dir='ltr'>vocat</span> <span class='ocrx_word' id='word_1_31' title='bbox 713 554 959 610; x_wconf 80' lang='lat' dir='ltr'>Menelaum,</span> <span class='ocrx_word' id='word_1_32' title='bbox 980 554 1019 602; x_wconf 82' lang='lat'>&amp;</span> <span class='ocrx_word' id='word_1_33' title='bbox 1039 554 1166 601; x_wconf 87' lang='lat' dir='ltr'>limina</span> <span class='ocrx_word' id='word_1_34' title='bbox 1187 554 1328 617; x_wconf 80' lang='lat' dir='ltr'>pandit.</span> 
     </span>
     <span class='ocr_line' id='line_1_7' title="bbox 346 626 1354 693; baseline 0.004 -21"><span class='ocrx_word' id='word_1_35' title='bbox 346 626 498 673; x_wconf 84' lang='lat' dir='ltr'>Scilicet</span> <span class='ocrx_word' id='word_1_36' title='bbox 518 628 555 673; x_wconf 85' lang='lat' dir='ltr'>id</span> <span class='ocrx_word' id='word_1_37' title='bbox 575 647 748 692; x_wconf 75' lang='lat' dir='ltr'>magnum</span> <span class='ocrx_word' id='word_1_38' title='bbox 771 629 919 693; x_wconf 88' lang='lat' dir='ltr'>sperans</span> <span class='ocrx_word' id='word_1_39' title='bbox 938 630 1021 677; x_wconf 86' lang='lat' dir='ltr'>fore</span> <span class='ocrx_word' id='word_1_40' title='bbox 1040 649 1172 676; x_wconf 85' lang='lat' dir='ltr'>munus</span> <span class='ocrx_word' id='word_1_41' title='bbox 1189 630 1325 676; x_wconf 87' lang='lat' dir='ltr'>amanti</span> <span class='ocrx_word' id='word_1_42' title='bbox 1341 666 1354 686; x_wconf 89' lang='lat'>,</span> 
     </span>
     <span class='ocr_line' id='line_1_8' title="bbox 346 702 1331 768; baseline 0.004 -21"><span class='ocrx_word' id='word_1_43' title='bbox 346 704 392 747; x_wconf 86' lang='lat' dir='ltr'>Et</span> <span class='ocrx_word' id='word_1_44' title='bbox 411 702 541 749; x_wconf 85' lang='lat' dir='ltr'>samam</span> <span class='ocrx_word' id='word_1_45' title='bbox 558 704 736 766; x_wconf 73' lang='lat' dir='ltr'>exstingui</span> <span class='ocrx_word' id='word_1_46' title='bbox 755 720 924 751; x_wconf 87' lang='lat' dir='ltr'>veterum</span> <span class='ocrx_word' id='word_1_47' title='bbox 945 705 993 751; x_wconf 80' lang='lat' dir='ltr'>sic</span> <span class='ocrx_word' id='word_1_48' title='bbox 1014 705 1118 768; x_wconf 83' lang='lat' dir='ltr'>poffe</span> <span class='ocrx_word' id='word_1_49' title='bbox 1139 707 1331 751; x_wconf 84' lang='lat' dir='ltr'>malorum.</span> 
     </span>
     <span class='ocr_line' id='line_1_9' title="bbox 345 777 1480 843; baseline 0.003 -21"><span class='ocrx_word' id='word_1_50' title='bbox 345 777 452 837; x_wconf 83' lang='lat' dir='ltr'>Quid</span> <span class='ocrx_word' id='word_1_51' title='bbox 471 797 601 825; x_wconf 84' lang='lat' dir='ltr'>moror</span> <span class='ocrx_word' id='word_1_52' title='bbox 621 786 633 825; x_wconf 87' lang='lat'>?</span> <span class='ocrx_word' id='word_1_53' title='bbox 654 780 863 843; x_wconf 84' lang='lat' dir='ltr'>irrumpunt</span> <span class='ocrx_word' id='word_1_54' title='bbox 882 779 1055 826; x_wconf 78' lang='lat' dir='ltr'>thalamo.</span> <span class='ocrx_word' id='word_1_55' title='bbox 1088 783 1229 826; x_wconf 88' lang='lat' dir='ltr'>Comes</span> <span class='ocrx_word' id='word_1_56' title='bbox 1246 779 1390 826; x_wconf 80' lang='lat' dir='ltr'>additus</span> <span class='ocrx_word' id='word_1_57' title='bbox 1408 798 1480 826; x_wconf 83' lang='lat' dir='ltr'>una</span> 
     </span>
     <span class='ocr_line' id='line_1_10' title="bbox 346 852 1282 906; baseline 0.002 -10"><span class='ocrx_word' id='word_1_58' title='bbox 346 853 529 898; x_wconf 84' lang='lat' dir='ltr'>Hortator</span> <span class='ocrx_word' id='word_1_59' title='bbox 548 852 728 900; x_wconf 77' lang='lat' dir='ltr'>scelerum</span> <span class='ocrx_word' id='word_1_60' title='bbox 752 853 933 900; x_wconf 87' lang='lat' dir='ltr'>AEolides.</span> <span class='ocrx_word' id='word_1_61' title='bbox 965 857 1036 906; x_wconf 71' lang='lat' dir='ltr'>Di,</span> <span class='ocrx_word' id='word_1_62' title='bbox 1054 852 1138 899; x_wconf 87' lang='lat' dir='ltr'>talia</span> <span class='ocrx_word' id='word_1_63' title='bbox 1160 852 1282 901; x_wconf 75' lang='lat' dir='ltr'>Graiis</span> 
     </span>
     <span class='ocr_line' id='line_1_11' title="bbox 345 926 1135 993; baseline 0.001 -22"><span class='ocrx_word' id='word_1_64' title='bbox 345 926 567 982; x_wconf 79' lang='lat' dir='ltr'>Instaurate3</span> <span class='ocrx_word' id='word_1_65' title='bbox 587 929 653 993; x_wconf 88' lang='lat' dir='ltr'>pio</span> <span class='ocrx_word' id='word_1_66' title='bbox 676 928 701 975; x_wconf 83' lang='lat' dir='ltr'>si</span> <span class='ocrx_word' id='word_1_67' title='bbox 722 947 852 993; x_wconf 82' lang='lat' dir='ltr'>poenas</span> <span class='ocrx_word' id='word_1_68' title='bbox 873 947 940 975; x_wconf 91' lang='lat' dir='ltr'>ore</span> <span class='ocrx_word' id='word_1_69' title='bbox 960 928 1135 991; x_wconf 82' lang='lat' dir='ltr'>reposco.</span> 
     </span>
     <span class='ocr_line' id='line_1_12' title="bbox 344 1000 1242 1066; baseline 0 -21"><span class='ocrx_word' id='word_1_70' title='bbox 344 1000 421 1046; x_wconf 85' lang='lat' dir='ltr'>Sed</span> <span class='ocrx_word' id='word_1_71' title='bbox 442 1016 478 1046; x_wconf 90' lang='lat' dir='ltr'>te</span> <span class='ocrx_word' id='word_1_72' title='bbox 498 1002 561 1064; x_wconf 87' lang='lat' dir='ltr'>qui</span> <span class='ocrx_word' id='word_1_73' title='bbox 580 1002 707 1049; x_wconf 88' lang='lat' dir='ltr'>vivum</span> <span class='ocrx_word' id='word_1_74' title='bbox 729 1003 827 1049; x_wconf 90' lang='lat' dir='ltr'>casus</span> <span class='ocrx_word' id='word_1_75' title='bbox 843 1040 855 1057; x_wconf 77' lang='lat'>‚</span> <span class='ocrx_word' id='word_1_76' title='bbox 879 1020 948 1066; x_wconf 77' lang='lat' dir='ltr'>age</span> <span class='ocrx_word' id='word_1_77' title='bbox 967 1001 1043 1047; x_wconf 80' lang='lat' dir='ltr'>fare</span> <span class='ocrx_word' id='word_1_78' title='bbox 1063 1000 1211 1046; x_wconf 78' lang='lat' dir='ltr'>vicissim</span> <span class='ocrx_word' id='word_1_79' title='bbox 1229 1037 1242 1054; x_wconf 84' lang='lat'>‚</span> 
     </span>
     <span class='ocr_line' id='line_1_13' title="bbox 346 1075 1253 1140; baseline -0.001 -19"><span class='ocrx_word' id='word_1_80' title='bbox 346 1076 563 1123; x_wconf 85' lang='lat' dir='ltr'>Attulerint.</span> <span class='ocrx_word' id='word_1_81' title='bbox 586 1078 763 1140; x_wconf 72' lang='lat' dir='ltr'>Pelagine</span> <span class='ocrx_word' id='word_1_82' title='bbox 783 1078 889 1124; x_wconf 86' lang='lat' dir='ltr'>venis</span> <span class='ocrx_word' id='word_1_83' title='bbox 915 1076 1103 1123; x_wconf 85' lang='lat' dir='ltr'>erroribus</span> <span class='ocrx_word' id='word_1_84' title='bbox 1121 1075 1220 1121; x_wconf 59' lang='lat' dir='ltr'>attus</span> <span class='ocrx_word' id='word_1_85' title='bbox 1239 1111 1253 1129; x_wconf 75' lang='lat'>,</span> 
     </span>
     <span class='ocr_line' id='line_1_14' title="bbox 347 1148 1339 1214; baseline -0.001 -20"><span class='ocrx_word' id='word_1_86' title='bbox 347 1154 406 1194; x_wconf 85' lang='lat' dir='ltr'>An</span> <span class='ocrx_word' id='word_1_87' title='bbox 424 1150 570 1196; x_wconf 89' lang='lat' dir='ltr'>monitu</span> <span class='ocrx_word' id='word_1_88' title='bbox 589 1151 754 1197; x_wconf 63' lang='lat' dir='ltr'>Divum?</span> <span class='ocrx_word' id='word_1_89' title='bbox 776 1170 822 1196; x_wconf 89' lang='lat' dir='ltr'>an</span> <span class='ocrx_word' id='word_1_90' title='bbox 849 1169 932 1214; x_wconf 88' lang='lat' dir='ltr'>quae</span> <span class='ocrx_word' id='word_1_91' title='bbox 950 1165 986 1195; x_wconf 90' lang='lat' dir='ltr'>te</span> <span class='ocrx_word' id='word_1_92' title='bbox 1006 1152 1170 1195; x_wconf 82' lang='lat' dir='ltr'>Fortuna</span> <span class='ocrx_word' id='word_1_93' title='bbox 1187 1148 1339 1212; x_wconf 77' lang='lat' dir='ltr'>fatigat,</span> 
     </span>
     <span class='ocr_line' id='line_1_15' title="bbox 347 1221 1354 1277; baseline 0 -9"><span class='ocrx_word' id='word_1_94' title='bbox 347 1225 400 1268; x_wconf 89' lang='lat' dir='ltr'>Ut</span> <span class='ocrx_word' id='word_1_95' title='bbox 417 1223 523 1269; x_wconf 87' lang='lat' dir='ltr'>tristis</span> <span class='ocrx_word' id='word_1_96' title='bbox 546 1223 622 1270; x_wconf 87' lang='lat' dir='ltr'>fine</span> <span class='ocrx_word' id='word_1_97' title='bbox 642 1224 723 1270; x_wconf 91' lang='lat' dir='ltr'>sole</span> <span class='ocrx_word' id='word_1_98' title='bbox 741 1225 877 1271; x_wconf 87' lang='lat' dir='ltr'>domos</span> <span class='ocrx_word' id='word_1_99' title='bbox 891 1259 904 1277; x_wconf 82' lang='lat'>.,</span> <span class='ocrx_word' id='word_1_100' title='bbox 921 1224 1006 1269; x_wconf 81' lang='lat' dir='ltr'>loca</span> <span class='ocrx_word' id='word_1_101' title='bbox 1023 1221 1167 1268; x_wconf 86' lang='lat' dir='ltr'>turbida</span> <span class='ocrx_word' id='word_1_102' title='bbox 1183 1257 1194 1275; x_wconf 86' lang='lat'><strong>‚</strong></span> <span class='ocrx_word' id='word_1_103' title='bbox 1212 1221 1354 1268; x_wconf 83' lang='lat' dir='ltr'>adires?</span> 
     </span>
     <span class='ocr_line' id='line_1_16' title="bbox 348 1294 1274 1358; baseline -0.001 -17"><span class='ocrx_word' id='word_1_104' title='bbox 348 1298 426 1341; x_wconf 88' lang='lat' dir='ltr'>Hac</span> <span class='ocrx_word' id='word_1_105' title='bbox 445 1296 528 1343; x_wconf 90' lang='lat' dir='ltr'>vice</span> <span class='ocrx_word' id='word_1_106' title='bbox 549 1299 761 1345; x_wconf 83' lang='lat' dir='ltr'>sermonum</span> <span class='ocrx_word' id='word_1_107' title='bbox 782 1296 899 1343; x_wconf 86' lang='lat' dir='ltr'>roseis</span> <span class='ocrx_word' id='word_1_108' title='bbox 919 1299 1065 1342; x_wconf 82' lang='lat' dir='ltr'>Aurora</span> <span class='ocrx_word' id='word_1_109' title='bbox 1087 1294 1274 1358; x_wconf 74' lang='lat' dir='ltr'>quadrigis</span> 
     </span>
     <span class='ocr_line' id='line_1_17' title="bbox 346 1370 1275 1432; baseline -0.004 -15"><span class='ocrx_word' id='word_1_110' title='bbox 346 1374 424 1418; x_wconf 73' lang='lat' dir='ltr'>Jam</span> <span class='ocrx_word' id='word_1_111' title='bbox 441 1371 604 1417; x_wconf 85' lang='lat' dir='ltr'>medium</span> <span class='ocrx_word' id='word_1_112' title='bbox 622 1371 779 1418; x_wconf 83' lang='lat' dir='ltr'>aetherio</span> <span class='ocrx_word' id='word_1_113' title='bbox 800 1370 906 1417; x_wconf 83' lang='lat' dir='ltr'>cursu</span> <span class='ocrx_word' id='word_1_114' title='bbox 929 1370 1123 1432; x_wconf 82' lang='lat' dir='ltr'>trajecerat</span> <span class='ocrx_word' id='word_1_115' title='bbox 1141 1387 1247 1415; x_wconf 85' lang='lat' dir='ltr'>axem</span> <span class='ocrx_word' id='word_1_116' title='bbox 1267 1389 1275 1414; x_wconf 92' lang='lat'>:</span> 
     </span>
     <span class='ocr_line' id='line_1_18' title="bbox 347 1441 1352 1505; baseline -0.004 -16"><span class='ocrx_word' id='word_1_117' title='bbox 347 1446 396 1490; x_wconf 86' lang='lat' dir='ltr'>Et</span> <span class='ocrx_word' id='word_1_118' title='bbox 415 1446 492 1491; x_wconf 88' lang='lat' dir='ltr'>sors</span> <span class='ocrx_word' id='word_1_119' title='bbox 514 1464 626 1491; x_wconf 91' lang='lat' dir='ltr'>omne</span> <span class='ocrx_word' id='word_1_120' title='bbox 647 1446 771 1491; x_wconf 86' lang='lat' dir='ltr'>datum</span> <span class='ocrx_word' id='word_1_121' title='bbox 791 1444 977 1490; x_wconf 82' lang='lat' dir='ltr'>traherent</span> <span class='ocrx_word' id='word_1_122' title='bbox 995 1461 1062 1505; x_wconf 87' lang='lat' dir='ltr'>per</span> <span class='ocrx_word' id='word_1_123' title='bbox 1082 1441 1166 1487; x_wconf 84' lang='lat' dir='ltr'>talia</span> <span class='ocrx_word' id='word_1_124' title='bbox 1184 1457 1352 1504; x_wconf 86' lang='lat' dir='ltr'>tempus:</span> 
     </span>
     <span class='ocr_line' id='line_1_19' title="bbox 348 1513 1462 1578; baseline -0.003 -16"><span class='ocrx_word' id='word_1_125' title='bbox 348 1518 422 1563; x_wconf 87' lang='lat' dir='ltr'>Sed</span> <span class='ocrx_word' id='word_1_126' title='bbox 443 1536 569 1564; x_wconf 88' lang='lat' dir='ltr'>comes</span> <span class='ocrx_word' id='word_1_127' title='bbox 594 1518 786 1564; x_wconf 83' lang='lat' dir='ltr'>admonuit</span> <span class='ocrx_word' id='word_1_128' title='bbox 804 1554 816 1571; x_wconf 75' lang='lat'>‚</span> <span class='ocrx_word' id='word_1_129' title='bbox 841 1515 1081 1578; x_wconf 86' lang='lat' dir='ltr'>breviterque</span> <span class='ocrx_word' id='word_1_130' title='bbox 1102 1515 1208 1560; x_wconf 82' lang='lat' dir='ltr'>affata</span> <span class='ocrx_word' id='word_1_131' title='bbox 1225 1515 1366 1578; x_wconf 85' lang='lat' dir='ltr'>Sibylla</span> <span class='ocrx_word' id='word_1_132' title='bbox 1385 1513 1434 1560; x_wconf 89' lang='lat' dir='ltr'>est</span> <span class='ocrx_word' id='word_1_133' title='bbox 1452 1534 1462 1559; x_wconf 78' lang='grc' dir='ltr'>ε</span> 
     </span>
     <span class='ocr_line' id='line_1_20' title="bbox 350 1587 1290 1644; baseline -0.003 -9"><span class='ocrx_word' id='word_1_134' title='bbox 350 1591 441 1636; x_wconf 85' lang='lat' dir='ltr'>Nox</span> <span class='ocrx_word' id='word_1_135' title='bbox 462 1590 558 1644; x_wconf 64' lang='lat' dir='ltr'>ruit,</span> <span class='ocrx_word' id='word_1_136' title='bbox 580 1594 719 1644; x_wconf 83' lang='lat' dir='ltr'>AEnea·,</span> <span class='ocrx_word' id='word_1_137' title='bbox 746 1609 814 1636; x_wconf 91' lang='lat' dir='ltr'>nos</span> <span class='ocrx_word' id='word_1_138' title='bbox 832 1589 962 1635; x_wconf 83' lang='lat' dir='ltr'>flendo</span> <span class='ocrx_word' id='word_1_139' title='bbox 983 1587 1149 1634; x_wconf 80' lang='lat' dir='ltr'>ducimus</span> <span class='ocrx_word' id='word_1_140' title='bbox 1168 1587 1290 1633; x_wconf 85' lang='lat' dir='ltr'>horas.</span> 
     </span>
     <span class='ocr_line' id='line_1_21' title="bbox 348 1660 1347 1728; baseline -0.003 -20"><span class='ocrx_word' id='word_1_141' title='bbox 348 1662 420 1709; x_wconf 83' lang='lat' dir='ltr'>Hic</span> <span class='ocrx_word' id='word_1_142' title='bbox 443 1664 551 1710; x_wconf 86' lang='lat' dir='ltr'>locus</span> <span class='ocrx_word' id='word_1_143' title='bbox 573 1664 623 1710; x_wconf 90' lang='lat' dir='ltr'>est</span> <span class='ocrx_word' id='word_1_144' title='bbox 637 1699 648 1717; x_wconf 89' lang='lat'><strong>‚</strong></span> <span class='ocrx_word' id='word_1_145' title='bbox 669 1663 781 1728; x_wconf 85' lang='lat' dir='ltr'>partis</span> <span class='ocrx_word' id='word_1_146' title='bbox 800 1663 863 1709; x_wconf 89' lang='lat' dir='ltr'>ubi</span> <span class='ocrx_word' id='word_1_147' title='bbox 883 1663 919 1708; x_wconf 87' lang='lat' dir='ltr'>se</span> <span class='ocrx_word' id='word_1_148' title='bbox 937 1662 996 1708; x_wconf 90' lang='lat' dir='ltr'>via</span> <span class='ocrx_word' id='word_1_149' title='bbox 1016 1661 1123 1707; x_wconf 85' lang='lat' dir='ltr'>findit</span> <span class='ocrx_word' id='word_1_150' title='bbox 1143 1660 1181 1706; x_wconf 90' lang='lat' dir='ltr'>in</span> <span class='ocrx_word' id='word_1_151' title='bbox 1199 1661 1320 1706; x_wconf 83' lang='lat' dir='ltr'>ambas</span> <span class='ocrx_word' id='word_1_152' title='bbox 1337 1680 1347 1704; x_wconf 81' lang='lat' dir='ltr'><strong><em>z</em></strong></span> 
     </span>
     <span class='ocr_line' id='line_1_22' title="bbox 348 1733 1318 1802; baseline -0.006 -18"><span class='ocrx_word' id='word_1_153' title='bbox 348 1740 513 1784; x_wconf 82' lang='lat' dir='ltr'>Dextera</span> <span class='ocrx_word' id='word_1_154' title='bbox 527 1774 539 1792; x_wconf 71' lang='lat'>‚</span> <span class='ocrx_word' id='word_1_155' title='bbox 558 1757 641 1802; x_wconf 87' lang='lat' dir='ltr'>quae</span> <span class='ocrx_word' id='word_1_156' title='bbox 659 1737 756 1783; x_wconf 84' lang='lat' dir='ltr'>Ditis</span> <span class='ocrx_word' id='word_1_157' title='bbox 776 1736 900 1801; x_wconf 72' lang='lat' dir='ltr'>magni</span> <span class='ocrx_word' id='word_1_158' title='bbox 927 1736 991 1782; x_wconf 85' lang='lat' dir='ltr'>sub</span> <span class='ocrx_word' id='word_1_159' title='bbox 1011 1735 1150 1781; x_wconf 80' lang='lat' dir='ltr'>moenia</span> <span class='ocrx_word' id='word_1_160' title='bbox 1172 1733 1318 1780; x_wconf 81' lang='lat' dir='ltr'>tendit:</span> 
     </span>
     <span class='ocr_line' id='line_1_23' title="bbox 349 1808 1305 1875; baseline -0.005 -18"><span class='ocrx_word' id='word_1_161' title='bbox 349 1814 428 1857; x_wconf 88' lang='lat' dir='ltr'>Hac</span> <span class='ocrx_word' id='word_1_162' title='bbox 447 1811 516 1858; x_wconf 87' lang='lat' dir='ltr'>iter</span> <span class='ocrx_word' id='word_1_163' title='bbox 538 1810 702 1875; x_wconf 77' lang='lat' dir='ltr'>Elysium</span> <span class='ocrx_word' id='word_1_164' title='bbox 728 1811 863 1858; x_wconf 86' lang='lat' dir='ltr'>nobis:</span> <span class='ocrx_word' id='word_1_165' title='bbox 892 1826 928 1856; x_wconf 85' lang='lat' dir='ltr'>at</span> <span class='ocrx_word' id='word_1_166' title='bbox 948 1810 1041 1855; x_wconf 87' lang='lat' dir='ltr'>laeva</span> <span class='ocrx_word' id='word_1_167' title='bbox 1064 1808 1249 1854; x_wconf 85' lang='lat' dir='ltr'>malorum·</span> <span class='ocrx_word' id='word_1_168' title='bbox 1303 1836 1305 1840; x_wconf 93' lang='lat'>·</span> 
     </span>
     <span class='ocr_line' id='line_1_24' title="bbox 350 1878 1258 1948; baseline -0.006 -19"><span class='ocrx_word' id='word_1_169' title='bbox 350 1886 511 1930; x_wconf 86' lang='lat' dir='ltr'>Exercet</span> <span class='ocrx_word' id='word_1_170' title='bbox 529 1902 659 1948; x_wconf 82' lang='lat' dir='ltr'>poenas</span> <span class='ocrx_word' id='word_1_171' title='bbox 673 1919 684 1937; x_wconf 85' lang='lat'><strong>‚</strong></span> <span class='ocrx_word' id='word_1_172' title='bbox 706 1884 746 1931; x_wconf 70' lang='grc' dir='ltr'>ἃ</span> <span class='ocrx_word' id='word_1_173' title='bbox 765 1884 811 1929; x_wconf 84' lang='lat' dir='ltr'>ad</span> <span class='ocrx_word' id='word_1_174' title='bbox 831 1882 942 1946; x_wconf 86' lang='lat' dir='ltr'>impia</span> <span class='ocrx_word' id='word_1_175' title='bbox 960 1885 1112 1928; x_wconf 87' lang='lat' dir='ltr'>Tartara</span> <span class='ocrx_word' id='word_1_176' title='bbox 1135 1878 1258 1926; x_wconf 85' lang='lat' dir='ltr'>mittit.</span> 
     </span>
     <span class='ocr_line' id='line_1_25' title="bbox 349 1953 1335 2022; baseline -0.007 -18"><span class='ocrx_word' id='word_1_177' title='bbox 349 1957 576 2022; x_wconf 77' lang='lat' dir='ltr'>Deiphobus</span> <span class='ocrx_word' id='word_1_178' title='bbox 595 1974 749 2005; x_wconf 80' lang='lat' dir='ltr'>contra:</span> <span class='ocrx_word' id='word_1_179' title='bbox 771 1960 831 2003; x_wconf 89' lang='lat' dir='ltr'>Ne</span> <span class='ocrx_word' id='word_1_180' title='bbox 849 1955 961 2009; x_wconf 75' lang='lat' dir='ltr'>saevi,</span> <span class='ocrx_word' id='word_1_181' title='bbox 979 1973 1111 2019; x_wconf 72' lang='lat' dir='ltr'>magna</span> <span class='ocrx_word' id='word_1_182' title='bbox 1136 1953 1306 1999; x_wconf 79' lang='lat' dir='ltr'>sacerdos</span> <span class='ocrx_word' id='word_1_183' title='bbox 1320 1972 1335 1996; x_wconf 71' lang='grc' dir='ltr'>ε-</span> 
     </span>
     <span class='ocr_line' id='line_1_26' title="bbox 349 2022 1414 2094; baseline -0.008 -17"><span class='ocrx_word' id='word_1_184' title='bbox 349 2031 575 2084; x_wconf 76' lang='lat' dir='ltr'>Discedam,</span> <span class='ocrx_word' id='word_1_185' title='bbox 594 2031 758 2094; x_wconf 89' lang='lat' dir='ltr'>explebo</span> <span class='ocrx_word' id='word_1_186' title='bbox 776 2047 967 2075; x_wconf 85' lang='lat' dir='ltr'>numerum</span> <span class='ocrx_word' id='word_1_187' title='bbox 985 2064 997 2082; x_wconf 86' lang='lat'>.‚</span> <span class='ocrx_word' id='word_1_188' title='bbox 1017 2026 1223 2089; x_wconf 85' lang='lat' dir='ltr'>reddarque</span> <span class='ocrx_word' id='word_1_189' title='bbox 1243 2022 1414 2072; x_wconf 85' lang='lat' dir='ltr'>tenebris.</span> 
     </span>
     <span class='ocr_line' id='line_1_27' title="bbox 351 2099 1272 2161; baseline -0.01 -7"><span class='ocrx_word' id='word_1_190' title='bbox 351 2110 367 2154; x_wconf 77' lang='lat' dir='ltr'>l</span> <span class='ocrx_word' id='word_1_191' title='bbox 385 2107 497 2153; x_wconf 90' lang='lat' dir='ltr'>decus</span> <span class='ocrx_word' id='word_1_192' title='bbox 510 2143 523 2161; x_wconf 71' lang='grc'><em>,</em></span> <span class='ocrx_word' id='word_1_193' title='bbox 545 2106 554 2151; x_wconf 96' lang='lat' dir='ltr'>i</span> <span class='ocrx_word' id='word_1_194' title='bbox 575 2142 586 2159; x_wconf 92' lang='lat'>.,</span> <span class='ocrx_word' id='word_1_195' title='bbox 610 2106 797 2160; x_wconf 86' lang='lat' dir='ltr'>nostrum;</span> <span class='ocrx_word' id='word_1_196' title='bbox 816 2104 1034 2151; x_wconf 84' lang='lat' dir='ltr'>melioribus</span> <span class='ocrx_word' id='word_1_197' title='bbox 1054 2117 1158 2148; x_wconf 88' lang='lat' dir='ltr'>utere</span> <span class='ocrx_word' id='word_1_198' title='bbox 1178 2099 1272 2146; x_wconf 83' lang='lat' dir='ltr'>fat-is.</span> 
     </span>
     <span class='ocr_line' id='line_1_28' title="bbox 351 2172 1251 2240; baseline -0.011 -13"><span class='ocrx_word' id='word_1_199' title='bbox 351 2183 513 2227; x_wconf 77' lang='lat' dir='ltr'>Tantum</span> <span class='ocrx_word' id='word_1_200' title='bbox 537 2180 666 2226; x_wconf 87' lang='lat' dir='ltr'>effatus</span> <span class='ocrx_word' id='word_1_201' title='bbox 679 2217 692 2236; x_wconf 78' lang='lat'><strong>‚</strong></span> <span class='ocrx_word' id='word_1_202' title='bbox 715 2179 755 2226; x_wconf 71' lang='lat' dir='ltr'>Sc</span> <span class='ocrx_word' id='word_1_203' title='bbox 772 2178 808 2225; x_wconf 86' lang='lat' dir='ltr'>in</span> <span class='ocrx_word' id='word_1_204' title='bbox 828 2178 946 2225; x_wconf 83' lang='lat' dir='ltr'>verbo</span> <span class='ocrx_word' id='word_1_205' title='bbox 965 2175 1118 2240; x_wconf 79' lang='lat' dir='ltr'>vestigia</span> <span class='ocrx_word' id='word_1_206' title='bbox 1138 2172 1251 2220; x_wconf 88' lang='lat' dir='ltr'>torfit.</span> 
     </span>
     <span class='ocr_line' id='line_1_29' title="bbox 419 2244 1324 2318; baseline -0.012 -18"><span class='ocrx_word' id='word_1_207' title='bbox 419 2254 584 2318; x_wconf 83' lang='lat' dir='ltr'>Respicit</span> <span class='ocrx_word' id='word_1_208' title='bbox 605 2258 742 2300; x_wconf 83' lang='lat' dir='ltr'>AEneas</span> <span class='ocrx_word' id='word_1_209' title='bbox 758 2252 914 2305; x_wconf 74' lang='lat' dir='ltr'>subito,</span> <span class='ocrx_word' id='word_1_210' title='bbox 935 2250 974 2297; x_wconf 80' lang='lat'>&amp;</span> <span class='ocrx_word' id='word_1_211' title='bbox 993 2250 1057 2295; x_wconf 86' lang='lat' dir='ltr'>sub</span> <span class='ocrx_word' id='word_1_212' title='bbox 1077 2266 1169 2311; x_wconf 86' lang='lat' dir='ltr'>rupe</span> <span class='ocrx_word' id='word_1_213' title='bbox 1188 2244 1324 2290; x_wconf 78' lang='lat' dir='ltr'>sinistra</span> 
     </span>
    </p>
   </div>
   <div class='ocr_carea' id='block_1_3' title="bbox 354 2322 1305 2462">
    <p class='ocr_par' dir='ltr' id='par_1_3' title="bbox 354 2322 1305 2462">
     <span class='ocr_line' id='line_1_30' title="bbox 354 2322 1305 2390; baseline -0.013 -16"><span class='ocrx_word' id='word_1_214' title='bbox 354 2328 502 2374; x_wconf 79' lang='lat' dir='ltr'>Moenia</span> <span class='ocrx_word' id='word_1_215' title='bbox 522 2329 593 2374; x_wconf 88' lang='lat' dir='ltr'>lata</span> <span class='ocrx_word' id='word_1_216' title='bbox 613 2327 746 2380; x_wconf 86' lang='lat' dir='ltr'>videt,</span> <span class='ocrx_word' id='word_1_217' title='bbox 774 2325 911 2390; x_wconf 89' lang='lat' dir='ltr'>triplici</span> <span class='ocrx_word' id='word_1_218' title='bbox 933 2322 1153 2370; x_wconf 83' lang='lat' dir='ltr'>circumdata</span> <span class='ocrx_word' id='word_1_219' title='bbox 1171 2337 1305 2364; x_wconf 87' lang='lat' dir='ltr'>muro:</span> 
     </span>
     <span class='ocr_line' id='line_1_31' title="bbox 354 2387 1301 2462; baseline -0.015 -17"><span class='ocrx_word' id='word_1_220' title='bbox 354 2401 454 2459; x_wconf 79' lang='lat' dir='ltr'>Quae</span> <span class='ocrx_word' id='word_1_221' title='bbox 474 2398 620 2462; x_wconf 85' lang='lat' dir='ltr'>rapidus</span> <span class='ocrx_word' id='word_1_222' title='bbox 638 2396 792 2443; x_wconf 84' lang='lat' dir='ltr'>flammis</span> <span class='ocrx_word' id='word_1_223' title='bbox 811 2395 925 2442; x_wconf 85' lang='lat' dir='ltr'>ambit</span> <span class='ocrx_word' id='word_1_224' title='bbox 944 2391 1166 2440; x_wconf 84' lang='lat' dir='ltr'>torrentibus</span> <span class='ocrx_word' id='word_1_225' title='bbox 1186 2387 1301 2434; x_wconf 73' lang='lat' dir='ltr'>amnis</span> 
     </span>
    </p>
   </div>
   <div class='ocr_carea' id='block_1_4' title="bbox 356 2460 1385 2536">
    <p class='ocr_par' dir='ltr' id='par_1_4' title="bbox 356 2460 1385 2536">
     <span class='ocr_line' id='line_1_32' title="bbox 356 2460 1385 2536; baseline -0.014 -17"><span class='ocrx_word' id='word_1_226' title='bbox 356 2474 551 2520; x_wconf 68' lang='lat' dir='ltr'>Tartareus</span> <span class='ocrx_word' id='word_1_227' title='bbox 569 2470 835 2536; x_wconf 77' lang='lat' dir='ltr'>Phlegethon</span> <span class='ocrx_word' id='word_1_228' title='bbox 855 2482 1082 2531; x_wconf 83' lang='lat' dir='ltr'>torquetque</span> <span class='ocrx_word' id='word_1_229' title='bbox 1106 2461 1270 2511; x_wconf 77' lang='lat' dir='ltr'>sonantia</span> <span class='ocrx_word' id='word_1_230' title='bbox 1295 2460 1385 2507; x_wconf 78' lang='lat' dir='ltr'>saxa</span> 
     </span>
    </p>
   </div>
   <div class='ocr_carea' id='block_1_5' title="bbox 1553 572 1644 618">
    <p class='ocr_par' dir='ltr' id='par_1_5' title="bbox 1553 572 1644 618">
     <span class='ocr_line' id='line_1_33' title="bbox 1553 572 1644 618; baseline -0.011 0"><span class='ocrx_word' id='word_1_231' title='bbox 1553 572 1644 618; x_wconf 53' lang='lat'>525³</span> 
     </span>
    </p>
   </div>
   <div class='ocr_carea' id='block_1_6' title="bbox 1552 945 1641 988">
    <p class='ocr_par' dir='ltr' id='par_1_6' title="bbox 1552 945 1641 988">
     <span class='ocr_line' id='line_1_34' title="bbox 1552 945 1641 988; baseline -0.045 0"><span class='ocrx_word' id='word_1_232' title='bbox 1552 945 1641 988; x_wconf 77' lang='lat'>530</span> 
     </span>
    </p>
   </div>
   <div class='ocr_carea' id='block_1_7' title="bbox 1555 1308 1645 1357">
    <p class='ocr_par' dir='ltr' id='par_1_7' title="bbox 1555 1308 1645 1357">
     <span class='ocr_line' id='line_1_35' title="bbox 1555 1308 1645 1357; baseline 0.033 -4"><span class='ocrx_word' id='word_1_233' title='bbox 1555 1308 1645 1357; x_wconf 65' lang='lat'><em>5352.</em></span> 
     </span>
    </p>
   </div>
   <div class='ocr_carea' id='block_1_8' title="bbox 1553 1674 1644 1716">
    <p class='ocr_par' dir='ltr' id='par_1_8' title="bbox 1553 1674 1644 1716">
     <span class='ocr_line' id='line_1_36' title="bbox 1553 1674 1644 1716; baseline -0.055 0"><span class='ocrx_word' id='word_1_234' title='bbox 1553 1674 1644 1716; x_wconf 75' lang='lat'>340</span> 
     </span>
    </p>
   </div>
   <div class='ocr_carea' id='block_1_9' title="bbox 1554 2006 1660 2084">
    <p class='ocr_par' dir='ltr' id='par_1_9' title="bbox 1554 2006 1660 2084">
     <span class='ocr_line' id='line_1_37' title="bbox 1554 2006 1660 2084; baseline 0 0"><span class='ocrx_word' id='word_1_235' title='bbox 1554 2006 1660 2084; x_wconf 66' lang='lat'>545]</span> 
     </span>
    </p>
   </div>
   <div class='ocr_carea' id='block_1_10' title="bbox 1553 2404 1638 2446">
    <p class='ocr_par' dir='ltr' id='par_1_10' title="bbox 1553 2404 1638 2446">
     <span class='ocr_line' id='line_1_38' title="bbox 1553 2404 1638 2446; baseline -0.012 0"><span class='ocrx_word' id='word_1_236' title='bbox 1553 2404 1638 2446; x_wconf 71' lang='lat'>550</span> 
     </span>
    </p>
   </div>
  </div>
 </body>
</html>
