1715 3028
313 151 403 198 ιμ
638 135 1276 184 P.VJRGJL11

307 243 493 290 Custodes
514 242 668 289 sufferre
688 243 827 291 valent.
857 242 969 289 Labat
985 243 1101 290 ariete
1126 244 1261 291 crebro

304 320 415 364 lanua
429 353 442 370 ‚
472 317 512 363 ἃ
531 316 647 363 emoti
666 316 920 380 procumbunt
938 318 1087 364 cardine
1105 317 1243 382 postes.

305 389 363 436 Fit
383 390 444 436 via
462 390 499 435 vi
517 411 525 434 :
547 407 720 454 rumpunt
741 389 857 436 aditus
871 424 884 444 ‚
903 389 1121 454 primosque
1140 389 1321 436 trucidant
1533 446 1535 449 Ι

302 462 446 508 Immiffi
464 461 612 516 Danai,
635 461 767 512 &late
786 462 871 509 loca
890 463 1010 509 milite
1034 463 1242 527 complent.
1509 475 1614 522 4952

303 539 396 583 Non
417 537 466 582 fic
486 573 497 591 .,
523 536 721 600 aggeribus
742 535 857 600 ruptis
876 556 959 584 cum
980 537 1149 602 spumeus
1167 536 1284 584 amnis

266 617 271 622 '
304 609 432 663 Exiit,
463 608 730 674 oppositasque
760 609 873 656 evicit
898 610 1047 674 gurgite
1077 609 1198 656 moles
1216 645 1228 662 .,

304 684 437 728 Fertur
458 681 495 727 in
515 701 602 728 arva
627 682 752 729 furens
777 685 930 731 cumulo
945 719 959 738 .,
979 683 1209 748 camposque
1228 702 1296 747 per
1316 683 1437 731 omnis

305 758 403 802 Cum
425 756 570 802 stabulis
588 771 753 803 armenta
772 757 893 804 trahit.
926 759 1016 804 Vidi
1037 758 1116 822 ipse
1141 758 1323 804 furentem
1600 772 1619 807 ἑ·

304 832 421 877 Caede
440 833 739 896 Neoptolemum
759 868 771 885 ,
797 831 1046 896 geminosque
1069 832 1107 877 in
1128 821 1258 877 limine
1278 831 1425 878 Atridas
1444 852 1453 876 t
1511 847 1600 889 500

302 904 391 955 Vidi
411 905 602 950 Hecubam
623 940 635 958 .,
664 921 891 969 centumque
912 924 1021 951 nurus
1039 941 1052 958 ‚
1078 904 1345 968 Priamumque·
1360 923 1427 968 per
1445 923 1523 952 aras

302 978 492 1042 Sanguine
510 977 714 1024 foedantem
732 1012 744 1031 ‚
769 995 865 1041 quos
887 978 965 1043 ipse
987 979 1213 1030 sacraverat,
1234 976 1344 1040 ignis.

302 1050 586 1115 Quinquaginta
610 1050 665 1097 illi
685 1050 860 1107 thalami,
886 1051 966 1114 spes
985 1066 1086 1097 tanta
1106 1064 1288 1113 nepotum
1310 1083 1323 1102 ,

303 1126 498 1172 Barbarico
530 1125 654 1188 postes
682 1143 773 1170 auro
803 1124 1009 1188 spoliisque
1036 1123 1184 1187 superbi
1306 1112 1312 1125 s

301 1200 553 1245 Procubuere.
584 1201 736 1244 Tenent
755 1197 872 1242 Danai
888 1233 899 1251 ‚
924 1216 996 1261 qua
1017 1196 1146 1244 deficit
1162 1196 1270 1261 iguis«
1508 1214 1591 1258 505

331 1299 335 1304 ·
365 1271 531 1320 Forfitan
552 1271 591 1318 ἃ
612 1307 623 1325 ,
644 1269 778 1317 Priami
801 1269 939 1317 fuerint
958 1290 1041 1334 quae
1062 1271 1133 1317 fata
1152 1305 1164 1325 ‚
1189 1269 1370 1334 requiras.

300 1347 413 1394 Urbis
433 1347 497 1393 ubi
516 1364 634 1411 captae
654 1346 800 1400 casum,
819 1345 1077 1410 convolsaque
1097 1346 1190 1392 vidit

301 1419 444 1466 Limina
467 1420 677 1473 te&orum,
703 1419 743 1466 &
762 1418 926 1465 medium
948 1419 984 1465 in
1003 1419 1255 1482 penetralibus
1275 1419 1416 1466 hostem
1438 1441 1452 1473 ·‚

301 1498 414 1540 Arma
433 1493 496 1539 diu
518 1493 643 1542 senior
663 1493 814 1543 desueta
832 1493 1074 1539 trementibus
1092 1508 1177 1540 aevo

302 1568 518 1614 circumdat
540 1566 790 1631 nequidquam
808 1566 967 1613 humeris
982 1603 995 1622 ‚
1016 1567 1055 1614 &
1074 1568 1206 1614 inutile
1230 1568 1366 1615 ferrum
1505 1587 1522 1629 5
1541 1587 1592 1614 10

235 1643 237 1647 ’
298 1640 474 1705 Cingitur
490 1676 503 1694 ‚
529 1659 570 1686 ac
591 1640 726 1686 densos
743 1640 858 1687 fertur
876 1640 1076 1686 moriturus
1095 1633 1131 1686 in
1150 1639 1274 1687 hostis.

362 1714 516 1760 AEdibus
535 1714 571 1760 in
593 1714 724 1760 mediis
744 1750 756 1769 ‚
783 1715 962 1778 nudoque
990 1714 1054 1760 sub
1080 1714 1226 1760 aetheris
1247 1734 1314 1762 axe
1332 1751 1344 1770 ‚

297 1792 435 1851 Ingens
454 1807 513 1833 ara
532 1787 624 1841 fuit3
641 1789 819 1851 iuxtaque
843 1786 1045 1833 veterrima
1064 1787 1185 1832 laurus

300 1863 519 1908 Incumbens
539 1882 609 1908 arae
624 1897 637 1916 ‚
658 1878 767 1926 atque
787 1863 914 1908 umbra
935 1862 1131 1925 complexa
1149 1865 1316 1908 Penates.

299 1938 371 1984 Hic
393 1939 545 1984 Hecuba
564 1938 604 1985 &
628 1953 720 1984 natae
741 1937 992 2001 nequidquam
1014 1936 1139 1983 altaria
1158 1937 1295 1983 circum
1316 1972 1330 1990 ‚
1502 1955 1519 1996 ς
1537 1955 1584 1997 ¹5

298 2010 508 2074 Praecipites
528 2026 602 2056 atra
623 2029 692 2056 ceu
712 2010 928 2074 tempestate
949 2009 1136 2055 columbae
1158 2045 1170 2063 ‚

302 2082 534 2136 condensae,
557 2082 596 2129 Sc
611 2082 753 2128 Divom
773 2083 952 2146 amplexae
970 2082 1157 2128 simulacra
1176 2081 1361 2127 sedebant.

301 2155 422 2217 ipsum
441 2170 563 2201 autem
582 2155 707 2201 sumtis
726 2154 908 2201 Priamum
926 2153 1151 2217 juvenilibus
1169 2153 1276 2199 armis

302 2228 356 2270 Ut
377 2225 491 2271 vidit:
514 2228 610 2285 Quae
630 2243 734 2270 mens
751 2240 823 2271 tam
843 2224 920 2270 dira
938 2259 949 2277 ,
968 2223 1169 2269 miserrime
1189 2223 1327 2285 conjux
1346 2256 1360 2276 .,

302 2297 453 2361 Impulit
471 2297 525 2343 his
543 2298 642 2361 cingi
663 2298 746 2343 telis
767 2304 780 2343 ?
801 2315 862 2343 aut
881 2315 957 2359 quo
977 2296 1078 2342 ruis?
1102 2294 1231 2358 inquit.
1502 2316 1589 2360 520

304 2372 395 2416 Non
427 2370 489 2416 tali
517 2371 656 2417 auxilio
672 2406 684 2424 ‚
705 2389 776 2416 nec
797 2369 1056 2416 defensoribus
1082 2367 1154 2413 istis

301 2445 462 2510 Tempus
485 2461 597 2510 eget:
619 2464 694 2493 non
709 2480 722 2500 ‚
740 2444 768 2492 fi
788 2444 867 2510 ipse
885 2463 986 2492 meus
1006 2460 1103 2491 nunc
1124 2441 1270 2491 adforet
1287 2443 1437 2492 Heuor.
