1715 3028
333 171 429 217 204
680 158 1302 206 P.V1RGJLIJ

335 261 525 308 Cernitur.
557 262 711 308 Attollit
730 261 767 308 se
787 262 873 309 diva
891 263 1040 309 Lacinia
1059 279 1188 310 contra
1205 299 1219 319 ‚

335 334 596 398 Caulonisque
613 353 714 381 arces
731 369 744 388 ‚
764 334 805 381 &
822 334 1053 399 navifragum
1071 336 1307 400 Scylaceum·

334 411 432 455 Tum
452 408 585 472 procul
609 427 630 454 e
650 408 763 455 fluuu
782 409 974 456 Trinacria
1002 409 1166 456 cernitur
1184 415 1293 457 AEtna
1311 445 1325 464 ‚

333 484 381 528 Et
400 481 579 545 gemitum
593 481 786 546 ingentem
805 483 958 547 pelagi,
978 483 1196 547 pulsataque
1220 483 1301 529 saxa

333 553 516 600 Audimus
535 554 654 618 longe
674 590 685 609 ,
708 554 910 619 sraklasque
929 556 974 601 ad
993 556 1104 602 litora
1125 575 1242 602 voces
1263 579 1273 601 ε
1326 568 1332 571 “
1398 555 1399 559 ’

335 628 603 691 Exsultantque
627 630 741 682 vada,
763 645 873 693 atque
893 631 979 676 aestu
1000 630 1201 677 miscentur
1220 649 1355 677 arenae.

336 705 383 749 Et
397 719 500 768 pater
517 704 698 750 Anchises
718 725 727 749 z
751 704 934 751 Nimirum
954 705 1033 751 haec
1053 705 1115 751 illa
1136 705 1366 769 Charybdis:

334 778 416 822 Hos
436 777 602 826 Helenus
623 778 801 842 scopulos
821 816 833 833 ,
861 778 941 825 haec
963 779 1044 824 saxa
1066 778 1250 825 horrenda
1272 779 1436 826 canebat.

334 848 503 912 Eripite,
523 870 546 896 o
568 850 659 896 socii
677 872 686 895 :
712 851 925 916 pariterque
944 850 1125 913 insurgite
1146 850 1266 897 remis.

334 923 441 969 Haud
462 924 581 971 minus
601 944 644 971 ac
660 926 737 989 juffi
757 927 920 973 faciunt:
942 925 1157 990 primusque
1178 926 1373 972 rudentem

334 997 533 1044 Contorfit
553 999 663 1045 laevas
683 1019 831 1064 proram
860 1000 1053 1046 Palinurus
1077 1011 1121 1045 ad
1142 1000 1269 1045 undas.

334 1073 479 1117 Laevatn
498 1073 629 1118 cunila
649 1074 789 1120 cohors
806 1073 915 1120 remis
938 1072 1138 1136 ventisque
1160 1072 1309 1136 petivit.

332 1144 523 1190 Tollimur
542 1145 579 1191 in
602 1147 740 1192 coelum
762 1162 917 1192 curvato
938 1146 1087 1211 gurgite
1106 1181 1119 1200 ‚
1143 1145 1182 1192 ἃ
1202 1145 1301 1192 idem

334 1217 519 1264 Subdufhr
537 1219 581 1264 ad
599 1221 723 1266 Manis
741 1220 836 1267 imos
858 1220 1054 1266 desidimus
1078 1220 1186 1266 unda.

335 1291 414 1337 Ter
432 1291 577 1356 scopuli
596 1288 799 1340 clamorem
820 1294 917 1340 inter
936 1313 1023 1341 cava
1041 1294 1122 1340 saxa
1142 1294 1280 1340 dedere
1298 1315 1308 1339 ε

336 1365 413 1410 Τεῖῐ
434 1365 598 1429 spumam
619 1366 745 1413 elisam
772 1367 812 1414 ἃ
830 1367 993 1414 rorantia
1016 1366 1174 1414 vidimus
1193 1367 1295 1413 astra,

331 1437 478 1482 Interea
502 1436 612 1484 seffos
637 1453 770 1484 ventus
794 1457 876 1484 cum
905 1438 985 1484 sole
1012 1437 1193 1500 reliquit;

331 1509 535 1574 Ignarique
561 1511 633 1558 viae
654 1513 870 1576 Cyclopum
890 1513 1084 1558 allabimur
1114 1512 1201 1558 oris.

336 1583 470 1627 Portus
488 1584 533 1628 ab
551 1583 692 1629 accessu
716 1600 917 1629 ventorum
942 1582 1117 1629 immotus
1131 1618 1143 1636 ‚
1164 1583 1204 1630 ὅ(
1222 1582 1359 1647 ingens

333 1653 442 1717 lpse3
467 1654 532 1701 sed
551 1655 733 1703 horrificis
750 1657 851 1719 juxta
870 1672 977 1703 tonat
995 1660 1104 1703 AEtna
1131 1655 1244 1702 ruinis
1261 1692 1274 1710 ‚

335 1729 600 1793 Interdumque
619 1745 732 1777 atram
756 1731 967 1794 prorumpit
985 1731 1031 1776 ad
1050 1731 1187 1777 aethera
1207 1732 1372 1786 nubem3

335 1800 504 1847 Turbine
523 1802 724 1848 fumantem
744 1801 855 1865 piceo
878 1801 917 1848 ἃ
941 1802 1125 1848 candente
1144 1801 1295 1855 favilla,

337 1875 566 1939 Attollitque
588 1876 725 1940 globos
745 1876 971 1922 flammarum
988 1911 1000 1930 ‚
1021 1875 1061 1922 ἃ
1083 1875 1199 1922 fidera
1216 1874 1368 1921 lambitt

335 1949 524 1994 Interdum
545 1948 723 2014 scopulos
741 1948 946 2012 avolsaque
965 1948 1108 1995 viscera
1127 1948 1267 1996 montis

337 2022 457 2085 Erigit
473 2023 663 2076 mussans,
681 2022 952 2086 liquesaslaque
978 2023 1059 2069 saxa
1081 2023 1145 2069 sub
1163 2042 1264 2069 auras

340 2099 438 2143 Cum
460 2097 599 2162 gemitu
622 2098 806 2161 glomerat
827 2133 838 2151 ‚
863 2098 1058 2161 fundoque
1079 2098 1250 2143 exaestuat
1268 2097 1358 2143 imo.

339 2173 448 2217 fama
474 2171 546 2224 est,
567 2172 745 2218 Enceladi
766 2171 974 2218 semiustum
994 2172 1149 2217 fulmine
1168 2189 1305 2235 corpus

340 2246 478 2310 Urgeri
497 2247 601 2293 mole
622 2247 712 2301 hac,
733 2247 1001 2311 ingentemque
1020 2247 1169 2311 insuper
1186 2250 1334 2292 AEtnam

339 2320 551 2383 Imposltam
571 2320 687 2384 ruptis
705 2321 887 2376 flammam
908 2319 1093 2384 exspirare
1115 2318 1266 2364 caminis
1283 2340 1294 2373 ;

342 2397 389 2439 Et
407 2430 419 2447 ,
441 2395 568 2442 sessum
585 2395 736 2459 quoties
754 2411 870 2442 mutet
889 2396 982 2440 latus
998 2429 1010 2448 ‚
1030 2394 1230 2439 intremere
1251 2410 1403 2438 omnem

341 2470 536 2519 Murmure
555 2469 784 2519 Trinacriam
802 2504 814 2524 ‚
839 2469 880 2519 84
900 2469 1038 2519 coelum
1058 2467 1252 2516 subtexere
1272 2466 1392 2515 sumo„

1536 464 1619 543 5¹55

1541 855 1627 912 560⁴>

1542 1226 1624 1282 565

1543 1599 1630 1641 570

1542 1965 1623 2030 5⁸75

1540 2312 1625 2382 5'80
