1715 3028
309 167 418 230 358
651 169 1273 219 PfVIRGILIJ

319 274 544 339 Contigerit
562 271 695 321 victori
710 311 721 329 2
741 275 781 322 δι
802 277 938 340 praedae
957 278 1095 325 ducere
1114 278 1275 326 sortem:

320 349 451 395 vidisti
468 385 479 403 ‚
510 367 587 412 quo
604 352 755 399 Turnus
770 369 892 414 equo,
912 352 1043 416 quibus
1060 353 1137 400 ibat
1155 354 1192 400 in
1212 355 1321 401 armis

319 427 484 468 Aureus:
510 422 629 487 ipsum
647 423 751 469 illum
768 459 779 477 ‚
805 424 965 489 clipeum
991 425 1185 490 cristasque
1205 427 1371 474 rubentis

317 497 507 562 Excipiam
523 498 612 544 sorti
628 534 639 552 ,
657 499 728 562 jam
745 515 841 545 nun‘c
858 515 917 546 tua
933 501 1082 564 praemia
1100 538 1112 556 ,
1133 500 1255 562 Nise.-

317 576 499 618 Praeterea
516 574 570 619 bis
589 573 650 619 sex
673 575 824 637 genitor
843 574 1025 621 leffiflima
1046 590 1200 622 matrum

317 646 495 708 Corpora
511 681 522 699 ‚
543 646 788 710 captivosque
807 646 908 693 dabit
923 683 935 701 .,
955 648 1090 712 suaque
1112 648 1285 695 omnibus
1306 666 1425 695 arma:

313 717 467 782 Insuper
486 717 540 764 his
554 754 565 773 ‚
584 719 703 784 campi
723 720 827 783 quod
847 738 909 765 rex
932 720 1043 768 habet
1063 719 1140 784 ipse
1160 719 1320 766 Latinus.

313 793 371 837 Te
391 811 484 838 vero
498 828 510 846 ‚
527 811 607 838 mea
627 812 738 857 quem
757 793 879 858 spatiis
900 794 1139 858 propioribus
1159 809 1245 839 aetas

309 865 517 929 Insequitur
533 902 544 919 ‚
563 867 771 912 venerande
791 885 908 931 puer,
926 868 997 929 jam
1018 867 1172 930 peclore
1189 882 1274 914 toto

310 938 474 1002 Accipio
489 975 499 992 ‚
520 939 559 986 Sc
578 939 755 986 comitem
776 940 876 986 casus
900 940 1135 1004 complector
1155 939 1192 985 in
1214 939 1346 986 omnis.

309 1012 423 1058 Nulla
441 1011 531 1058 meis
551 1012 628 1059 fine
646 1028 682 1059 te
703 1029 889 1075 quaeretur
907 1013 1027 1076 gloria
1042 1012 1175 1059 rebus:

309 1086 382 1130 Seu
402 1101 531 1148 pacem
550 1123 561 1138 ,
587 1085 649 1131 seu
669 1086 769 1131 bella
789 1104 914 1149 geram
931 1106 942 1138 3
965 1084 1031 1131 tibi
1049 1083 1205 1130 maxima
1222 1103 1346 1131 rerum

307 1157 716 1220 Verborumque'fides.
748 1161 893 1205 Contra
910 1177 1020 1221 quem
1040 1158 1124 1204 talia
1145 1158 1240 1204 fatur

306 1229 511 1292 Euryalus:
531 1231 601 1275 Me
618 1230 715 1276 nulla
732 1230 810 1276 dies
830 1246 903 1276 tam
920 1229 1079 1275 fortibus
1096 1229 1187 1275 aufis

304 1300 522 1347 Dissimilem
541 1301 729 1365 arguerit:
752 1316 889 1347 tantum
912 1305 1076 1348 Fortuna
1100 1302 1259 1354 secunda

303 1375 413 1421 Haud
431 1374 582 1421 adversa
601 1375 715 1420 cadat.
742 1375 814 1420 Sed
832 1390 868 1420 te
889 1374 998 1438 super
1019 1374 1143 1420 omnia
1161 1374 1262 1420 dona

300 1453 425 1495 Unum
448 1467 541 1495 oro:
564 1449 734 1512 genetrix
753 1446 884 1494 Priami
903 1448 950 1493 de
972 1463 1084 1511 gente
1102 1447 1242 1493 vetusta

299 1523 361 1568 Est
382 1522 472 1567 mihi
493 1557 504 1576 ‚
526 1540 634 1584 quam
654 1521 821 1568 miseram
843 1521 963 1567 tenuit
990 1539 1066 1566 non
1088 1521 1152 1566 Ilia
1172 1520 1282 1565 tellus

298 1599 454 1643 Mecum
477 1595 721 1641 excedentem
737 1630 747 1649 ‚
769 1613 845 1641 non
865 1593 1004 1640 moenia
1028 1594 1126 1658 regis
1145 1594 1296 1640 Acestae.

296 1671 402 1713 Hanc
425 1687 500 1731 ego
522 1686 617 1714 nunc
638 1667 800 1730 ignaram
823 1667 930 1729 hujus
951 1667 1206 1729 quodcunque
1227 1665 1357 1729 pericli
1377 1667 1428 1712 est

293 1745 411 1802 Inque
431 1739 616 1796 salutatam
636 1739 767 1802 linquo
784 1759 796 1793 ·,
819 1756 895 1785 nox
913 1773 924 1792 ‚
944 1737 984 1784 ὅ(
1004 1753 1065 1784 tua
1084 1737 1181 1783 testis

291 1817 455 1859 Dextera
469 1848 480 1866 ‚
504 1813 608 1875 quod
626 1830 806 1875 nequeam
824 1811 991 1857 lacrimas
1012 1810 1180 1875 perferre
1199 1810 1372 1875 parentis.
1412 1869 1435 1877 m

290 1893 339 1935 At
363 1904 400 1933 tu
417 1924 430 1941 .,
451 1907 521 1934 oro
539 1923 550 1941 ‚
567 1887 689 1933 solare
710 1886 863 1950 inopem
880 1920 892 1938 ‚
914 1884 953 1931 δι
972 1884 1141 1931 succurre
1161 1882 1312 1930 relictae.

287 1966 392 2008 Hanc
411 1962 489 2008 fine
508 1980 567 2007 me
589 1961 690 2024 spem
712 1960 809 2006 ferre
828 1958 880 2005 tui
895 1980 904 2003 t
922 1957 1121 2004 audentior
1146 1958 1211 2004 ibo

283 2040 323 2081 In
344 2036 445 2081 casus
471 2034 604 2081 omnis.
639 2033 804 2080 Percuffa
825 2048 951 2079 mente
970 2033 1154 2078 dederunt

282 2109 506 2156 Dardanidae
523 2107 688 2155 lacrimas
709 2129 716 2152 :
737 2123 822 2154 ante
844 2107 964 2153 omnis
990 2107 1146 2171 pulcher
1165 2105 1262 2152 Iulus
1280 2126 1290 2151 :

277 2186 404 2246 Atque
421 2182 581 2229 animum
600 2181 728 2246 patriae
748 2181 887 2228 strinxit
905 2181 1050 2246 pietatis
1069 2180 1207 2244 imago.

277 2258 373 2302 Tum
396 2255 444 2304 fic
462 2255 593 2301 effatur
613 2277 621 2299 :

274 2330 459 2394 Spondeo
475 2329 589 2392 digna
615 2327 684 2374 tuis
705 2327 920 2391 ingentibus
942 2326 1067 2374 omnia
1086 2325 1232 2390 coeptis.

272 2406 445 2467 Namque
467 2404 535 2450 erit
554 2404 615 2449 ista
635 2402 723 2449 mihi
746 2403 937 2467 genetrix,
959 2419 1173 2464 nomenque
1199 2401 1353 2448 Creusae

270 2476 400 2524 Solum
419 2475 601 2530 defuerit,
623 2493 691 2522 nec
710 2490 853 2540 partum
877 2473 991 2539 gratia
1009 2473 1120 2521 talem

1519 446 1609 486 270

1489 812 1598 855 ,275

1508 1163 1598 1205 280

1502 1526 1585 1581 285

1493 1901 1583 1942 290

1485 2272 1571 2330 ²95
