1715 3028
295 177 386 226 342
611 153 1238 213 P.‘VJRGIL11

289 277 387 321 Tum
405 289 509 340 pater
525 273 717 320 Evandrus
735 273 901 320 dextram
921 266 1141 338 complexus
1160 275 1283 322 euntis

288 352 415 396 Haeret
429 387 440 406 ‚
459 348 686 412 inexpletum
705 348 898 396 lacrimans
914 385 926 405 ‚
946 369 988 396 ac
1009 349 1093 413 talia
1111 350 1228 397 fatur:

291 426 327 470 O
349 422 438 469 mihi
457 421 671 487 praereritos
684 422 820 470 referat
838 422 862 469 fi
884 423 1050 488 Iuppiter
1075 429 1215 470 annos!

289 498 422 558 Qualis
441 517 539 545 eram
554 535 565 554 ,
584 519 665 547 cum
682 499 834 565 primam
855 497 973 544 aciem
991 499 1174 545 Praeneste
1199 498 1263 544 sub
1287 499 1365 564 ipsa

288 572 406 618 Stravi
425 572 689 638 scutorumque
709 574 858 621 incendi
884 573 1007 620 vilior
1025 591 1206 621 acervos:

292 647 336 690 Et
361 663 490 709 regem
511 646 579 693 hac
603 647 773 693 Herilum
794 647 921 693 dextra
939 646 1003 692 sub
1021 649 1171 693 Tartara
1188 645 1290 693 mifi:

288 716 463 764 Nascenti
483 719 540 765 cui
563 719 626 765 tris
644 719 779 766 animas
794 717 954 766 Feronia
971 734 1088 765 mater

287 792 557 850 (Horrendum
575 794 702 854 dian)
721 794 900 846 dederat,
915 811 1015 840 terna
1030 812 1128 840 arma
1143 794 1354 849 movenda,

286 867 363 910 Ter
380 864 468 911 leto‘
485 865 697 912 sternendus
722 881 821 913 erat:
844 865 902 912 cui
921 881 1006 912 tunc
1027 881 1150 911 tamen
1172 865 1292 912 omnis

287 936 445 984 Abstulit
461 938 541 984 haec
562 940 699 986 animas
724 940 850 987 dextra
866 974 878 992 ,
898 937 938 984 δε
958 937 1117 984 totidem
1136 937 1236 985 exuit
1252 939 1372 985 armis.

286 1013 378 1058 Non
399 1030 473 1076 ego
497 1031 596 1058 nunc
613 1013 710 1058 dulci
731 1013 905 1075 amplexu
928 1011 1130 1057 divellerer
1150 1011 1300 1075 usquam
1315 1048 1329 1067 ‚

284 1088 381 1132 Nate
396 1123 408 1140 ‚
426 1100 513 1132 tuo:
538 1104 660 1148 neque
678 1085 839 1131 finitimo
858 1084 1070 1130 Mezentius
1090 1084 1243 1148 usquam

285 1161 381 1205 Huic
399 1159 509 1223 capiti
529 1159 705 1205 insultans
719 1195 731 1213 ,
751 1174 810 1205 tot
829 1158 930 1205 ferro
950 1158 1044 1205 saeva
1062 1158 1220 1206 dedisset

286 1239 429 1281 Funera
444 1270 455 1288 ‚
475 1252 547 1281 tam
564 1234 687 1280 multis
710 1234 889 1281 viduaffet
907 1234 1048 1281 civibus
1071 1235 1214 1281 urbem.

286 1311 336 1354 At
360 1327 429 1354 vos
445 1344 457 1361 ,
484 1328 508 1355 o
529 1308 686 1372 Superi,
707 1308 748 1355 Sc
766 1307 908 1354 Divom
927 1323 964 1354 tu
986 1307 1144 1354 maxime
1159 1308 1290 1354 -refilor

285 1379 452 1443 Iuppiter
468 1414 480 1432 .,
506 1379 651 1425 Arcadii
676 1380 803 1443 quaeso
822 1416 834 1434 ‚
855 1379 1081 1426 miserescite
1099 1379 1198 1444 regis
1211 1415 1224 1434 ‚

286 1455 333 1498 Et
351 1452 484 1516 patrias
500 1452 623 1499 audite
642 1471 784 1516 preces.
805 1453 841 1499 Si
859 1453 1005 1499 numina
1020 1453 1136 1499 vestra

284 1526 516 1573 Incolumem
535 1526 695 1571 Pallanta
712 1525 801 1571 mihi
817 1561 829 1579 ‚
847 1525 870 1570 fi
893 1526 963 1572 fata
983 1525 1196 1579 reservant,

285 1598 322 1643 Si
345 1598 485 1644 visurus
503 1616 587 1644 eum
607 1598 697 1644 vivo
717 1635 729 1653 ‚
757 1597 798 1644 δε
817 1615 994 1644 venturus
1022 1598 1057 1644 in
1077 1617 1189 1644 unum
1208 1620 1217 1644 ε

282 1671 405 1717 Vitam
426 1690 520 1725 oro·,
541 1671 658 1735 patiar
682 1670 852 1733 quemvis
879 1671 1010 1717 durare
1035 1671 1217 1718 laborem.

283 1744 346 1789 Sin
368 1743 529 1806 aliquem
549 1742 736 1788 infandum
757 1742 901 1796 casum,
923 1746 1087 1789 Fortuna
1105 1780 1117 1798 .,
1137 1743 1284 1789 minaris
1296 1763 1309 1797 ;

283 1820 419 1871 Nunc,
438 1836 462 1863 o
485 1835 578 1863 nunc
596 1816 705 1863 liceat
723 1817 914 1863 crudelem
934 1818 1154 1882 abrumpere
1171 1817 1284 1863 vitam
1300 1852 1314 1872 ,

282 1895 381 1938 Dum
403 1910 500 1937 curae
517 1891 700 1955 ambiguae
715 1928 726 1945 ‚
745 1892 830 1938 dum
852 1891 933 1956 spes
950 1892 1089 1938 incerta
1106 1892 1247 1946 futuri,

283 1970 382 2012 Dum
402 1983 438 2013 te
455 2002 467 2020 ‚
487 1985 570 2013 care
590 1984 682 2030 puer
696 2005 708 2022 ‚
725 1985 806 2013 mea
826 1967 902 2013 sera
921 1967 961 2013 &
981 1967 1059 2014 sola
1083 1968 1261 2032 voluptas
1277 2004 1290 2022 ‚

284 2042 500 2105 (jomplexu
520 2057 634 2088 teneo
651 2062 659 2086 ε
684 2041 835 2105 gravior
853 2061 898 2088 ne
921 2041 1067 2088 nuntius
1086 2041 1181 2088 auris

280 2112 476 2158 Volneret.
499 2115 588 2157 Haec
605 2112 756 2175 genitor
775 2111 936 2175 digreffu
956 2112 1052 2158 ditia
1073 2112 1247 2176 supremo

281 2187 472 2233 fundebat
491 2207 499 2232 :
520 2185 647 2232 famuli
668 2186 874 2249 collapsum
893 2187 929 2233 in
949 2186 1045 2233 tecla
1064 2186 1241 2232 ferebant.

347 2262 497 2322 Jamque
515 2259 611 2305 adeo
631 2258 770 2305 exierat
787 2258 908 2322 portis
931 2260 1114 2323 equitatus
1134 2257 1270 2322 apertis
1287 2279 1297 2303 ε

281 2336 415 2379 AEneas
433 2334 528 2380 inter
549 2334 688 2397 primos
707 2334 746 2381 &
763 2334 855 2381 fidus
876 2327 1035 2382 „Achates
1054 2356 1062 2380 :

279 2405 369 2450 lude
389 2406 450 2451 alii
469 2407 598 2468 Trojae
619 2425 809 2470 proceres.
837 2408 919 2471 Ipse
937 2408 1084 2472 agmine
1102 2407 1218 2454 Pallas

279 2481 321 2524 In
340 2479 492 2533 medio,
512 2479 708 2544 chlamyde
729 2479 768 2526 δε
787 2480 892 2545 pistis
914 2475 1135 2544 conspeklus
1157 2480 1194 2527 in
1219 2480 1340 2528 armis.

1497 430 1583 484 560

1495 1546 1576 1590 575

1490 1900 1578 1953 580

1489 2267 1571 2345 585
