1715 3028
323 134 754 180 AENEIDOS
800 134 950 181 ΜΒ,
1001 114 1154 179 JV.'

69 241 259 288 Exstinxsti
280 260 339 288 me
359 256 473 305 teque
489 277 501 295 ‚
523 241 632 288 soror
646 277 657 296 ‚
675 241 936 306 populumque
952 277 964 296 ‚
987 241 1183 306 patresque

66 315 242 362 Sidonios
257 350 270 369 ‚
288 315 494 379 urbemque
511 331 620 361 tuam.
653 317 749 361 Date
768 317 927 362 volnera
949 315 1132 380 lymphis,

65 388 226 435 Abluam
245 423 256 442 ,
279 387 341 442 ἃ,
361 403 546 435 extremus
565 388 590 434 fi
611 387 692 451 quis
711 388 822 452 super
839 389 970 436 halitus
990 408 1085 436 errat
1104 425 1117 444 ,

68 465 149 508 Ore
171 462 306 522 legam.
334 462 394 508 Sic
413 463 484 509 fata
512 462 645 526 gradus
664 462 830 509 evaserat
850 464 946 510 altos
963 499 976 517 ,

66 537 406 601 Semianimemque
426 537 504 583 finu
524 555 734 602 germanam
752 538 921 601 amplexa
939 537 1097 584 fovebat

69 613 167 657 Cum
186 612 326 676 gemitu
341 648 353 666 ‚
373 627 484 675 atque
501 627 601 658 atros
622 611 779 658 siccabat
801 611 902 657 veste
925 629 1090 657 cruores,

67 685 155 739 Illa,
177 686 297 749 gravis
323 687 458 733 oculos
483 701 616 732 conata
636 685 813 732 attollere
829 720 840 738 ‚
864 683 987 730 rursus

67 759 216 807 Deficit.
243 761 397 807 Infixurn
417 761 542 807 stridet
561 761 626 806 sub
651 760 806 824 pe&ore
826 758 977 805 volnus.

66 834 144 878 Ter
161 831 239 878 sese
258 834 435 880 attollens
456 832 661 897 cubitoque
678 832 811 878 adnixa
830 831 970 878 levavit
989 852 998 876 ε

66 908 145 952 Ter
162 906 335 952 revoluta
355 922 443 954 toro
464 907 513 953 est
526 943 538 962 ‚
562 907 756 971 oculisque
777 904 983 952 errantibus
1001 904 1081 951 alto

67 980 252 1041 Quaefivit
271 982 373 1028 coelo
393 982 514 1028 lucem
528 1018 539 1036 .,
561 981 823 1047 ingemuitque
849 994 1007 1044 reperta.

67 1056 165 1099 Tum
190 1057 284 1101 Juno
307 1054 571 1118 omnipotens,
590 1045 749 1120 longum
772 1054 942 1100 miserata
960 1051 1135 1098 dolorem
1152 1085 1167 1105 2

69 1127 319 1192 Difficilisque
343 1128 464 1176 obitus
477 1165 489 1183 ‚
509 1130 593 1175 Irim
612 1129 756 1175 demifit
776 1129 947 1192 Olympo
964 1163 977 1181 .,

68 1205 170 1264 Quae
190 1204 389 1250 luRantem
408 1203 565 1250 animam
586 1203 779 1267 nexosque
799 1202 1009 1250 resolveret
1024 1217 1133 1248 artus.

68 1279 165 1324 Nam
180 1313 191 1332 ,
204 1277 292 1341 ,quia
315 1296 385 1324 nec
401 1278 479 1324 fato
493 1313 505 1331 ‚
524 1277 654 1324 merita
675 1295 744 1323 nec
764 1291 887 1322 morte
907 1274 1051 1338 peribat
1068 1309 1080 1327 ‚

68 1351 143 1397 Sed
160 1351 292 1398 misera
310 1365 393 1397 ante
413 1350 512 1397 diem
528 1387 540 1405 ‚
565 1351 764 1414 subitoque
783 1349 934 1396 accensa
952 1348 1081 1395 furore
1103 1383 1116 1402 ,

65 1423 248 1470 Nondum
266 1422 321 1470 illi
341 1424 479 1470 flavum
497 1423 722 1487 Proserpina
740 1422 883 1469 vertice
901 1421 1041 1467 crinem

67 1498 301 1553 Abstulerat,
320 1500 532 1564 Stygioque
551 1517 660 1563 caput
680 1499 918 1544 damnaverat
938 1499 1043 1543 Orco
1061 1517 1071 1541 :

68 1573 172 1636 Ergo
191 1571 256 1618 Iris
279 1573 422 1620 croceis
443 1592 510 1638 per
530 1573 668 1619 coelum
685 1571 831 1618 roscida
857 1568 992 1634 pennis
1010 1604 1023 1624 ,

67 1643 182 1690 Mille
199 1644 346 1691 trahens
365 1645 489 1692 varios
505 1645 664 1692 adverso
683 1645 765 1691 sole
784 1644 937 1690 colores
952 1678 964 1697 ‚

68 1718 235 1765 Devolat
252 1754 264 1773 ‚
288 1719 329 1765 ὃς
347 1718 455 1782 supra
481 1734 592 1782 caput
614 1717 749 1764 adstitit
768 1738 776 1762 ε
799 1720 909 1762 Hunc
928 1734 1004 1780 ego
1026 1714 1106 1763 Diti

69 1797 220 1840 Sacrum
235 1793 324 1857 jussa
343 1792 425 1839 fero
439 1829 451 1847 ‚
471 1808 584 1856 teque
605 1792 673 1839 isto
695 1809 860 1855 corpore
878 1791 1003 1838 solvo.

69 1866 130 1911 Sic
149 1866 197 1912 ait
211 1902 224 1920 ,
244 1866 284 1913 ἃ
301 1867 428 1912 dextra
448 1865 586 1911 crinem
605 1864 714 1911 secat.
735 1863 868 1911 Omnis
889 1865 929 1911 8<
947 1883 1020 1911 una

68 1938 240 2004 Dilapsus
258 1939 362 1986 calor
377 1974 389 1994 ‚
407 1954 519 2003 atque
538 1938 577 1984 in
595 1953 731 1985 ventos
751 1937 826 1984 vita
845 1937 997 1984 receffit.

1269 469 1354 523 685

1269 835 1361 889 690

1267 1588 1358 1629 700

1266 1958 1352 2001 705
