1715 3028
343 153 765 199 AENEJDOS
808 154 961 197 LIB.
1006 154 1111 197 IX.
1281 151 1369 203 361

77 262 177 321 Quae
196 259 311 306 mittit·
327 260 428 306 dona
447 296 459 313 ‚
485 259 652 324 hospitio
673 278 754 306 cum
776 260 952 323 jungeret
970 259 1098 306 absens
1119 293 1132 311 ‚

77 333 274 378 Caedicus:
296 332 361 378 ille
383 333 449 379 suo
471 334 635 380 moriens
654 334 715 379 dat
739 333 875 378 habere
894 332 1054 396 nepoti:

75 405 161 451 Post
179 420 336 451 mortem
354 406 460 452 bello
479 406 606 452 Rutuli
624 407 827 471 praedaque
847 404 960 469 potiti
980 426 989 449 :

73 480 165 522 Haec
184 479 278 542 rapit
292 516 304 533 ‚
326 495 438 543 atque
456 480 617 526 humeris
637 479 889 543 nequidquam
908 479 1069 526 fortibus
1089 493 1201 543 aptat.

71 553 170 596 Tum
191 553 334 616 galeam
352 552 513 617 Meffapi
533 553 694 599 habilem
712 553 902 615 cristisque
921 553 1098 598 decoram
1287 557 1342 608 36
1353 569 1371 607 5

71 626 206 673 Induit.
230 630 426 674 Excedunt
445 629 563 674 castris
577 664 590 681 ‚
613 629 652 675 δε
672 643 748 674 tuta
768 628 968 691 capessunt.

138 703 284 746 Interea
301 701 468 765 praemiffi
486 701 630 764 equites
649 720 695 747 ex
713 701 804 746 urbe
825 699 948 745 Latina
965 734 978 752 .,

72 775 210 820 Cetera
239 775 326 820 dum
345 776 449 838 legio
470 774 608 839 campis
630 774 799 820 instru&a
818 789 1011 826 moratur,

71 848 204 902 Ibant,
224 849 264 896 δέ
281 853 413 897 Turno
433 850 515 914 regi
533 850 712 914 responsa
730 850 900 895 ferebant
915 884 928 902 .,

70 924 300 970 Tercentum
316 960 328 978 ,
349 925 478 971 scutati
500 944 634 971 omnes
652 960 663 976 ,
684 923 893 970 Volscente
921 921 1112 985 magistro.
1284 938 1373 976 370

70 998 222 1058 Jamque
241 991 548 1060 propinquabant
567 995 686 1042 castris
704 1031 716 1049 .,
736 994 940 1057 murosque
962 993 1134 1039 subibant
1148 1027 1160 1044 ‚

73 1072 172 1115 Cum
195 1072 329 1134 procul
353 1071 422 1118 hos
443 1072 544 1118 laevo
573 1070 758 1117 flefflffntis
778 1070 897 1116 limite
918 1086 1073 1115 cernunt
1091 1089 1099 1113 :

71 1147 117 1190 Et
135 1145 239 1209 galea
258 1146 459 1209 Euryalum
481 1144 648 1191 sublustri
668 1143 787 1190 noffis
807 1144 845 1189 in
864 1144 990 1189 umbra

70 1219 243 1266 Prodidit
263 1222 522 1268 immemorem
540 1257 551 1275 ‚
573 1220 758 1284 radiisque
776 1220 929 1266 adversa
949 1219 1102 1266 refulsit.

71 1294 179 1339 Haud
200 1310 341 1340 temere
358 1295 408 1340 est
428 1295 543 1341 visum
560 1331 572 1348 5
591 1295 802 1340 conclamat
818 1294 864 1339 ab
885 1293 1034 1357 agmine
1047 1292 1256 1339 Volscens:
1286 1310 1369 1352 375

70 1369 170 1412 State
188 1367 271 1412 viri.
291 1370 389 1427 Quae
411 1364 513 1413 causa
533 1367 632 1413 viae?
653 1366 766 1429 quive
785 1366 866 1413 estis
887 1366 924 1412 in
943 1366 1049 1412 armis
1069 1371 1083 1410 ?

72 1441 216 1499 Quove
234 1439 367 1485 tenetis
385 1440 483 1485 iter?
503 1440 609 1485 Nihil
629 1439 683 1485 illi
702 1440 858 1485 tendere
877 1455 1008 1485 contra
1025 1460 1034 1483 ε

69 1514 143 1559 Sed
165 1514 330 1560 celerare
350 1513 476 1577 fugam
496 1513 533 1559 in
553 1512 660 1558 filvas
679 1549 691 1566 ,
714 1513 753 1559 &
772 1513 888 1558 fidere
912 1511 1028 1558 noffi.

70 1586 270 1648 Objiciurrt
291 1586 435 1650 equites
456 1586 534 1632 sese
553 1587 599 1632 ad
618 1585 782 1632 divortia
811 1600 899 1631 nota

71 1660 168 1705 Hinc
188 1675 300 1722 atque
320 1660 409 1705 hinc
425 1695 437 1713 .,
458 1677 686 1722 omnemque
706 1659 845 1704 abitum
865 1657 1019 1704 custode
1043 1672 1241 1704 coronant.
1284 1662 1371 1714 380

71 1733 172 1779 Silva
193 1733 285 1785 fuit,
306 1733 379 1778 late
405 1732 524 1778 dumis
544 1751 656 1796 atque
677 1732 764 1778 ilice
786 1731 892 1795 nigra

70 1804 233 1851 Horrida
249 1840 261 1859 ‚
280 1822 389 1867 quam
413 1803 515 1850 denfi
536 1805 770 1868 complerant
787 1803 953 1866 undique
974 1803 1119 1849 sentes:

71 1883 163 1925 Rara
181 1897 249 1942 per
267 1878 439 1924 occultos
457 1878 606 1926 lucebat
623 1877 750 1924 semita
771 1877 886 1923 callis.

71 1953 277 2017 Euryalum
294 1953 461 1998 tenebrae
486 1971 672 1999 ramorum
696 1952 935 2015 onerosaque
962 1952 1089 2016 praeda

70 2025 308 2089 Impediunt,
333 2025 503 2089 fallitque
525 2024 638 2072 timor
657 2024 818 2089 regione
843 2024 997 2071 viarum.
1285 2032 1367 2084 385

71 2100 182 2146 Nisus
201 2100 299 2146 abit:
319 2101 466 2164 jamque
483 2100 695 2165 imprudens
715 2101 880 2147 evaserat
897 2100 1011 2147 hostis
1026 2137 1039 2154 ,

68 2178 198 2237 Atque
217 2175 317 2219 lacus
335 2195 347 2228 ·,
368 2175 431 2238 qui
453 2175 535 2238 post
556 2175 664 2220 Albae
682 2175 728 2220 de
748 2174 903 2221 nomine
924 2175 1010 2221 diffi

70 2244 208 2316 Albani
225 2270 233 2293 ε
253 2264 328 2295 tum
348 2268 409 2295 rex
430 2250 564 2296 stabula
584 2250 654 2296 alta
673 2248 820 2295 Latinus
840 2249 1009 2295 habebat.

70 2326 124 2368 Ut
148 2322 272 2376 stetit,
299 2322 339 2369 ὅ(
356 2322 483 2369 frustra
503 2324 693 2369 absentem
720 2323 882 2387 respexit
908 2323 1092 2369 amicum:

72 2399 234 2462 Euryale
250 2434 261 2450 7
279 2397 409 2443 infelix
427 2416 497 2461 qua
517 2415 553 2444 te
573 2398 733 2461 regione
753 2396 888 2460 reliqui
909 2404 922 2442 ἒ
1276 2417 1364 2459 390

75 2475 211 2533 Quave
235 2470 387 2536 sequar?
408 2472 528 2518 rursus
549 2472 769 2537 perplexum
795 2471 865 2518 iter
884 2490 994 2518 omne
1017 2472 1219 2519 revolvens
