1715 3028
337 140 430 206 348

488 336 549 392 P.
602 334 983 392 VIRGILII
1061 335 1467 393 MARONIS

332 487 1621 608 AENEIDOS

644 958 1305 1001 ARGUMENTUM.

329 1091 495 1132 Absente
511 1093 627 1132 AEnea
649 1092 737 1131 &in
752 1090 887 1130 Tuscia
901 1088 1156 1143 conquirendis
1169 1088 1304 1128 auxiliis
1319 1097 1504 1140 occupato
1516 1087 1620 1127 Tur*

383 1170 451 1194 nus
470 1170 492 1194 a
506 1156 652 1207 Junone
669 1169 734 1207 per
755 1154 888 1194 Iridem
904 1153 1136 1198 admonitus,
1155 1166 1200 1191 ne
1215 1161 1354 1190 tantam
1376 1153 1425 1190 rei
1442 1151 1534 1190 bene
1553 1163 1621 1204 ge-

382 1218 516 1257 rendae
536 1216 768 1256 occasionem
786 1217 972 1255 amitteret,
985 1246 996 1261 ,
1012 1228 1122 1267 quam
1143 1215 1313 1267 proxime
1329 1214 1376 1252 ad
1390 1212 1538 1253 hostiles
1555 1228 1621 1252 co·-

384 1281 460 1332 pias
481 1277 670 1317 admovet.
697 1276 876 1329 Quicum
895 1276 963 1316 fuis
983 1276 1017 1315 se
1030 1276 1222 1315 moenibus
1233 1275 1461 1315 continerent
1476 1306 1487 1324 ‚
1504 1288 1624 1327 neque

384 1354 503 1394 aequo
517 1340 601 1379 loco
611 1338 771 1378 facerent
784 1338 976 1377 dimicandi
987 1336 1218 1390 potestatem,
1229 1348 1268 1375 ut
1277 1337 1341 1376 illis
1354 1337 1456 1389 spem
1472 1350 1624 1375 omnem

384 1404 491 1457 fugae
504 1402 776 1448 intercluderet,
798 1401 941 1441 classem
957 1415 1105 1440 exurere
1121 1412 1285 1439 conatur.
1307 1400 1393 1439 Erat
1415 1399 1491 1450 ejus
1509 1397 1623 1438 claffis

380 1467 533 1504 materia
548 1480 593 1504 ex
610 1464 739 1504 Idaeae
755 1464 885 1502 Matris
906 1463 988 1502 luco
1004 1461 1126 1500 caesa:
1145 1471 1370 1514 quapropter
1387 1461 1516 1499 Matris
1541 1473 1621 1510 pre-

383 1526 487 1564 cibus
500 1526 674 1564 adductus
686 1525 853 1576 Iuppiter
866 1537 980 1561 naves
996 1536 1124 1561 omnes
1140 1521 1278 1561 instanti
1292 1521 1467 1560 incendio
1479 1522 1625 1572 eripuit,

382 1589 424 1628 δί
444 1589 481 1626 in
499 1587 654 1626 totidem
671 1585 872 1639 Nymphas
890 1585 1045 1622 marinas
1064 1585 1257 1622 convertit.
1282 1583 1369 1622 Post
1392 1583 1623 1622 haeeimrni-

380 1665 488 1693 nente
509 1652 583 1705 jam
604 1652 709 1691 no&e
727 1651 875 1690 Turnus
895 1648 1067 1688 adversus
1084 1648 1243 1687 hostium
1264 1649 1472 1701 eruptiones
1487 1649 1534 1686 ad
1551 1663 1622 1701 op-

380 1715 455 1769 pidi
470 1725 619 1767 portam
630 1714 800 1753 excubias
816 1712 969 1765 disponit
982 1726 990 1749 :
1005 1713 1046 1749 iis
1064 1710 1270 1763 Messapum
1282 1709 1461 1762 praeficit.
1473 1711 1624 1750 Interim

381 1774 665 1814 consultantibus
687 1772 944 1826 Trojanorum
967 1772 1122 1811 ducibus
1135 1803 1153 1819 ,,
1171 1786 1372 1824 quemnam
1393 1770 1622 1824 potiffirnum

382 1839 429 1877 ad
454 1839 611 1877 AEneam
634 1838 818 1876 mitterent
835 1866 848 1882 ,
874 1836 996 1889 quide
1020 1834 1163 1873 suorum
1185 1834 1348 1886 periculo
1375 1848 1459 1873 eum
1488 1833 1627 1875 faceret

383 1903 575 1941 certiorem
589 1917 599 1950 3
615 1901 709 1939 ultro
725 1914 805 1939 eam
822 1901 1055 1952 provinciam
1072 1897 1268 1949 suscipiunt
1288 1896 1398 1937 Nisus
1414 1897 1455 1936 &
1475 1897 1626 1951 Eurya-

383 1965 436 2004 lus
449 1996 461 2014 ,
482 1962 814 2016 conjunctiffimum
842 1964 1047 2001 amicorum
1074 1975 1138 2013 par
1158 1977 1165 2001 :
1194 1961 1253 2013 qui
1280 1974 1367 1998 cum
1390 1960 1478 1999 urhe
1508 1959 1622 2000 emiffi

328 2020 330 2026 '
383 2026 540 2066 hostium
555 2025 725 2064 excubias
741 2026 833 2063 vino
849 2024 1048 2078 somnoque
1065 2024 1212 2063 obrutas
1226 2020 1467 2069 offendissent,
1481 2022 1624 2061 Rham-

383 2100 507 2129 netem
527 2103 612 2127 cum
627 2101 766 2141 magno
785 2087 1006 2126 Rutulorum
1023 2101 1176 2126 nurnero
1190 2085 1369 2123 trucidant
1385 2115 1397 2130 ‚
1421 2097 1625 2137 eorumque

379 2152 415 2192 se
431 2151 557 2204 spoliis
574 2161 764 2190 exornant.
788 2151 934 2189 Verum
951 2164 1034 2189 cum
1049 2181 1061 2198 ‚
1077 2149 1229 2188 instante
1252 2148 1329 2199 jam
1352 2148 1431 2187 luce
1447 2179 1459 2196 ‚
1475 2147 1509 2188 se
1526 2149 1622 2186 reci-

384 2228 470 2267 pere
497 2222 677 2251 conantur
693 2243 704 2260 ‚
728 2226 750 2249 a
772 2210 985 2250 Volscentis
1007 2212 1185 2264 equitibus
1211 2209 1399 2262 conspecti
1415 2240 1428 2256 ,
1448 2210 1495 2248 ad
1515 2209 1631 2249 silvas.

383 2277 610 2330 confugiunt.
637 2275 692 2315 Ibi
715 2274 898 2328 Euryalus
923 2287 1107 2312 armorum
1134 2272 1295 2325 pondere
1318 2273 1474 2325 viaeque
1498 2285 1620 2311 errore

385 2339 578 2393 impeditus
589 2370 601 2388 ,
614 2340 653 2377 in
667 2338 788 2377 hostes
799 2338 921 2377 incidit
931 2368 944 2384 ‚
959 2338 999 2376 &
1012 2351 1032 2375 a
1048 2333 1245 2374 Volscente
1259 2334 1386 2373 frustra
1399 2334 1620 2386 deprecante

385 2401 477 2440 Niso
493 2434 504 2451 ,
521 2401 743 2441 confoditur.
770 2400 882 2440 Nisus
893 2413 1040 2453 quoque
1062 2397 1166 2436 caeso
1188 2397 1390 2437 Volscente
1411 2397 1452 2435 &
1472 2395 1624 2448 Euryali

385 2478 474 2505 nece
503 2465 644 2505 strenue
671 2462 859 2503 vindicata
873 2493 886 2509 ‚
914 2462 1034 2502 multis
1060 2460 1271 2500 vulneribus
1304 2457 1490 2499 confoffus
1516 2458 1624 2512 super:
1685 2453 1689 2456 ⁴
