1715 3028
346 148 438 197 „2
675 137 730 181 R
803 135 1302 181 VJRGJLJJ

342 239 422 304 Ipsa
442 244 563 286 Deum
580 239 695 285 fertur
714 239 884 302 genetrix
901 239 1147 304 Berecynthia
1165 258 1338 304 magnum

343 312 511 359 Vocibus
530 312 584 357 his
608 312 714 358 affata
733 316 862 359 Jovem
880 332 888 356 :
917 315 973 358 Da
991 347 1002 365 ,
1023 328 1105 358 nate
1121 349 1134 367 ,
1154 315 1323 378 petenti,

347 387 467 447 Quod
489 402 549 432 tua
569 405 648 434 cara
669 404 801 449 parens
819 385 966 432 domito
984 400 1020 431 te
1039 387 1161 450 poscit
1179 388 1364 451 Olympo.

343 459 457 506 Pinea
474 458 562 505 {ilva
580 458 670 504 mihi
685 496 697 513 .,
716 459 853 505 multos
871 460 1004 506 dilecta
1027 478 1093 524 per
1112 479 1230 506 annos
1244 495 1257 513 .,

343 534 462 577 Lucus
483 532 520 577 in
541 550 623 577 arce
642 531 710 577 fuit
731 531 866 578 summa
881 568 894 585 .,
915 550 992 594 quo
1015 531 1113 577 sacra
1133 532 1302 578 ferebant
1318 567 1332 586 ‚

345 605 520 669 Nigranti
537 604 641 669 picea
664 605 900 668 trabibusque
920 606 1095 652 obscurus
1114 605 1278 652 acernis:

344 682 419 725 Has
437 698 513 743 ego
535 679 725 725 Dardanio
747 679 872 741 juveni
888 715 900 732 ‚
922 698 1003 725 cum
1025 680 1136 726 claflis
1156 697 1314 744 egeret,

346 754 446 797 Laeta
469 752 555 797 dedi
575 773 583 796 :
604 770 702 797 nunc
723 751 921 798 sollicitam
938 753 1051 800 timor
1071 754 1198 799 anxius
1220 769 1341 817 urget.

346 825 464 870 Solve
484 841 602 870 metus
615 860 626 878 ‚
645 839 757 887 atque
776 824 849 870 hoc
871 824 1041 888 precibus
1060 825 1136 871 fine
1156 826 1260 889 poffe
1283 841 1472 890 parentem
1487 862 1500 881 ‚

346 902 407 946 Ne
428 899 534 945 cursu
551 898 721 962 quaffatae
742 897 847 950 ullo,
871 916 942 943 neu
963 897 1112 944 turbine
1130 898 1233 943 venti

346 975 563 1020 Vincuntur.
584 971 700 1018 Profit
719 971 849 1017 nostris
869 971 905 1016 iu
925 972 1115 1017 montibus
1136 987 1245 1018 ortas.

350 1047 463 1092 Filius
487 1045 572 1091 huic
596 1061 726 1091 contra
744 1080 756 1097 .,
775 1060 927 1106 torquet
944 1044 1007 1106 qui
1027 1043 1142 1090 sidera
1162 1045 1289 1091 mundi
1306 1066 1315 1091 :

350 1123 385 1166 O
407 1119 576 1184 genetrix
592 1155 603 1172 .,
624 1137 701 1182 quo
721 1119 793 1164 fata
812 1125 953 1163 vocas?
975 1133 1036 1163 aut
1055 1117 1144 1181 quid
1163 1118 1257 1182 petis
1275 1117 1347 1164 istis
1365 1125 1381 1164 ?

348 1193 559 1242 Mortaline
579 1212 685 1239 manu
706 1192 810 1238 faetae
832 1192 1041 1242 immortale
1067 1191 1200 1238 carinae

349 1269 415 1312 Fas
436 1266 620 1320 habeant3
640 1264 834 1328 certusque
856 1264 993 1310 incerta
1011 1264 1175 1328 pericula
1195 1265 1321 1312 lustret

349 1343 484 1385 AEneas
504 1346 516 1385 ?
536 1338 595 1385 cui
615 1354 713 1384 tauta
731 1341 817 1384 Deo
839 1337 1008 1401 permiffa
1029 1337 1215 1401 potestas?

348 1416 467 1458 Immo
484 1446 496 1464 .,
522 1410 584 1456 ubi
605 1410 788 1457 defuncta:
808 1410 918 1455 finem
938 1409 1144 1473 portusque
1164 1410 1347 1456 tenebunt

348 1485 540 1532 Ausonios
554 1521 566 1539 .,
588 1485 679 1532 olim
700 1503 936 1547 quaecunque
958 1483 1112 1529 evaserit
1135 1483 1263 1537 undis,

348 1557 650 1619 Dardaniumque
669 1557 800 1601 ducem
821 1554 1015 1614 Laurentia
1035 1556 1178 1602 vexerit
1195 1574 1280 1602 arva
1297 1593 1309 1611 ‚

347 1632 554 1678 Mortalem
574 1629 728 1693 eripiam
747 1629 905 1676 formam
918 1664 930 1681 ‚
948 1628 1149 1691 magnique
1171 1629 1312 1690 jubebo

351 1704 526 1767 AEquoris
544 1704 616 1750 effe
633 1707 731 1748 Deas
753 1722 760 1746 :
786 1700 902 1763 qualis
922 1702 1059 1745 Nereia
1076 1703 1182 1745 Doto

351 1781 397 1823 Et
414 1777 569 1823 Galatea
590 1776 711 1821 secant
732 1775 959 1838 spumantem
979 1771 1134 1836 pectore
1155 1787 1326 1835 pontum.

349 1850 523 1897 Dixerat:
545 1850 658 1913 idque
679 1866 796 1895 ratum
813 1846 932 1910 Stygii
951 1864 1018 1910 per
1036 1845 1188 1891 fiumina
1207 1845 1323 1891 fratris
1339 1880 1352 1898 ‚

351 1930 419 1972 Per
442 1925 526 1990 pice
544 1923 722 1970 torrentis
739 1938 891 1985 atraque
909 1918 1091 1983 voragine
1112 1917 1206 1981 ripas

350 1998 523 2051 Annuit,
546 1997 585 2044 Sc
605 2012 726 2043 torum
751 2013 840 2040 nutu
866 1991 1075 2039 tremefecit
1098 1991 1317 2054 Olympum.

416 2075 518 2135 Ergo
538 2070 663 2118 aderat
682 2067 854 2132 promiffa
875 2066 974 2119 dies,
993 2064 1034 2111 ὅ(
1052 2079 1219 2127 tempora
1235 2066 1358 2108 Parcae

350 2145 484 2191 Debita
503 2143 760 2207 complerant3
780 2160 862 2188 cum
882 2139 1000 2186 Turni
1019 2138 1151 2202 injuria
1169 2127 1329 2183 Matrem

350 2216 558 2264 Admonuit
579 2215 715 2263 ratibus
733 2214 840 2261 sacris
859 2212 1053 2276 depellere
1071 2212 1194 2257 taedas.

350 2292 419 2339 Hic
438 2291 596 2356 primum
617 2309 716 2336 nova
734 2290 798 2335 lux
819 2288 938 2336 oculis
956 2285 1119 2339 offulfit‚
1144 2285 1184 2331 δι
1200 2283 1333 2347 iugens

348 2364 458 2410 Visus
476 2365 520 2410 ab
538 2370 683 2410 Aurora
703 2362 840 2408 coelum
858 2360 1103 2407 transcurrere
1119 2357 1259 2403 nimbus
1278 2392 1291 2411 ,

351 2436 514 2501 Idaeique
537 2437 643 2485 chori
661 2458 669 2482 :
691 2454 766 2482 tum
785 2454 861 2483 vox
882 2433 1068 2481 horrenda
1086 2449 1152 2495 per
1173 2448 1276 2483 atrius

1574 845 1643 885 90.

1578 1209 1632 1253 95

1551 1573 1635 1602 100

1549 1934 1629 1976 105

1550 2304 1632 2331 110
