1715 3028
342 210 433 255 ²30
666 196 720 239 P.
792 193 1292 240 VIRGILII

338 304 491 365 Terque
511 317 714 366 quaterque
731 319 841 347 manu
857 301 984 365 pectus
1000 301 1163 365 percuffa
1182 302 1361 349 decorum
1377 310 1392 355 ζ

338 376 604 440 Flaventisque
622 375 770 422 abscissa
795 394 918 422 comas
933 413 945 430 ‚
964 380 1036 423 Pro
1057 377 1248 442 luppiter!
1266 377 1335 424 ibit
1447 413 1454 424 s
1537 391 1626 436 590

338 450 411 497 Hic
425 487 436 504 ,
454 450 527 496 ait:
551 449 590 496 ὅ(
610 450 740 496 nostris
759 449 914 496 illuserit
932 451 1072 497 advena
1091 450 1216 510 regnis
1233 458 1247 497 ?

336 524 430 568 Non
451 541 547 569 arma
565 523 798 587 expedient,
820 540 976 588 totaque
998 543 1043 571 ex
1065 525 1157 571 urbe
1176 525 1378 589 sequentur
1394 560 1408 578 ,

338 595 606 659 Diripientque
625 613 719 645 rates
738 598 799 644 alii
819 599 1006 645 navalibus
1024 606 1037 644 ?
1056 603 1109 645 Ite
1122 635 1134 653 ‚

335 671 446 715 ferte
468 669 530 715 citi
552 670 714 716 flammas
729 707 741 724 7
762 671 845 718 date
865 672 947 718 vela
962 708 974 726 .‚
1000 671 1183 736 impellite
1202 689 1338 718 remos.

337 746 444 806 Quid
457 746 620 810 loquor?
634 763 696 794 aut
706 748 769 793 ubi
788 749 893 794 sum?
913 751 1011 809 Quae
1028 764 1192 794 mentem
1210 747 1350 810 insania
1370 754 1514 794 mutat?
1540 762 1621 808 595

335 820 469 867 Infelix
487 822 590 868 Dido
611 829 620 867 ἱ
638 841 736 869 nunc
755 839 791 869 te
808 823 878 869 fata
898 823 1007 887 impia
1025 839 1182 888 tangunt
1202 831 1215 869 ?

336 895 433 939 Tum
453 895 603 949 decuit,
625 914 707 941 curn
727 895 869 960 sceptra
887 896 1006 942 dabas.
1035 899 1089 942 En
1107 896 1235 941 dextra
1254 894 1419 958 fidesque
1437 900 1450 939 t

336 968 466 1026 Quem
498 967 619 1014 secum
638 970 777 1032 patrios
802 970 906 1031 ajunt
935 984 1087 1032 portare
1107 968 1274 1014 Penatis:

338 1041 467 1098 Quem
488 1040 632 1086 subiiffe
655 1041 815 1088 humeris
835 1041 1047 1088 confethim
1064 1057 1173 1087 aetate
1194 1055 1386 1105 parentem
1404 1046 1415 1084 !

336 1114 430 1158 Non
450 1113 559 1176 potui
579 1114 771 1177 abreptum
799 1114 982 1161 divellere
1006 1132 1143 1178 corpus
1159 1149 1170 1167 ,
1192 1113 1232 1160 8<
1252 1112 1359 1158 undis
1536 1117 1643 1161 ὅσα,

336 1188 549 1250 Spargere?
570 1206 646 1234 non
667 1187 791 1234 socios
808 1223 820 1242 ,
839 1206 916 1234 non
938 1186 1056 1251 ipsum
1074 1187 1264 1233 absumere
1283 1185 1384 1232 ferro

336 1259 535 1305 Ascanium
553 1296 564 1313 .,
583 1260 784 1325 patriisque
803 1260 1029 1324 epulandum
1049 1278 1196 1325 ponere
1213 1258 1342 1305 menfis
1360 1265 1374 1304 ?

337 1335 479 1378 Verum
498 1352 632 1397 anceps
652 1352 790 1398 pugnae
812 1334 930 1380 fuerat
947 1333 1108 1380 fortuna.
1132 1331 1269 1378 Fuiffet
1287 1352 1296 1376 ε

335 1409 466 1467 Quem
490 1406 604 1453 metui
627 1408 837 1454 moritura?
858 1411 970 1454 Faces
988 1407 1025 1453 in
1044 1407 1152 1453 castra
1170 1406 1352 1459 tulissem,

335 1480 624 1543 Impleffemquev
641 1480 746 1526 foros
767 1480 943 1534 flammis,
966 1496 1163 1542 natumque
1182 1494 1401 1542 patremque
1534 1482 1620 1538 605

338 1556 436 1600 Cum
461 1572 601 1617 genere
625 1554 854 1607 exstinxem3
876 1569 1013 1600 memet
1039 1553 1148 1617 super
1166 1552 1242 1618 ipsa
1259 1553 1448 1599 dediffem.

336 1629 404 1674 Sol
420 1664 431 1681 ‚
452 1629 514 1692 qui
535 1645 709 1676 terrarum
730 1628 884 1675 flammis
905 1648 1021 1693 opera
1041 1629 1165 1675 omnia
1184 1628 1308 1674 lustras
1322 1663 1336 1682 ‚

339 1705 475 1766 Tuque
491 1703 618 1750 harum
638 1703 820 1768 interpres
839 1721 1004 1754 curarum
1024 1739 1036 1756 ‚
1060 1703 1099 1749 &
1119 1702 1266 1749 conscia
1286 1706 1379 1749 luno
1395 1738 1410 1756 ,

339 1778 376 1822 N
382 1777 621 1841 ofturnisque
641 1780 781 1824 Hecate
800 1777 918 1823 triviis
940 1777 1077 1823 ululata
1103 1795 1170 1840 per
1186 1776 1285 1822 urbis
1303 1811 1317 1830 ,

337 1852 384 1896 Et
404 1850 505 1896 Dirae
525 1851 672 1897 ultrices
688 1887 699 1905 ‚
725 1851 765 1898 ἃ
784 1855 832 1897 Di
853 1850 1045 1897 morientis
1063 1850 1183 1896 Eliffae
1201 1885 1214 1904 ‚
1536 1854 1628 1900 610

337 1923 510 1987 Accipite
529 1924 628 1976 haec,
649 1924 895 1988 meritumque
911 1924 1013 1970 malis
1033 1922 1216 1969 advertite
1234 1938 1369 1968 numen
1388 1957 1401 1976 ‚

338 2000 386 2042 Et
405 1998 542 2043 nostras
560 1998 682 2044 audite
701 2016 842 2062 preces.
868 1999 904 2044 Si
925 2013 1081 2061 tangere
1099 2011 1231 2060 portus·

337 2070 529 2116 Infandum
548 2086 656 2134 caput
669 2106 681 2124 ‚
701 2090 743 2116 ac
761 2070 866 2116 terris
883 2070 1020 2116 adnare
1038 2068 1182 2115 necesse
1199 2067 1274 2120 est,

339 2146 387 2189 Et
407 2144 454 2190 fic
472 2145 543 2191 fata
563 2145 665 2191 lovis
686 2145 873 2208 poscunt3
893 2143 954 2188 hic
974 2142 1147 2188 terminus
1166 2138 1280 2185 haeret
1299 2160 1309 2183 ε

338 2220 389 2262 At
407 2218 512 2264 bello
534 2219 676 2264 audacis
697 2217 831 2282 populi
851 2232 1002 2263 vexatus
1021 2214 1062 2261 &
1078 2214 1183 2260 armis
1198 2247 1210 2265 ‚
1533 2218 1560 2258 6
1573 2229 1619 2274 15

339 2290 490 2339 Finibus
511 2291 669 2337 extorris
685 2328 696 2345 ‚
722 2291 922 2354 complexu
940 2287 1087 2335 avolsus
1103 2285 1171 2333 Iuli
1189 2321 1201 2338 ‚

338 2361 528 2408 Auxilium
550 2364 754 2427 imploret,
777 2363 979 2425 videatque
998 2360 1151 2423 indigna
1170 2358 1321 2405 suorum

340 2437 484 2481 'Funera
504 2457 511 2480 :
542 2456 611 2483 nec
625 2473 637 2491 ‚
656 2456 738 2484 cum
759 2437 796 2483 se
817 2436 882 2482 sub
901 2436 1005 2499 leges
1024 2433 1122 2498 pacis
1142 2431 1282 2496 iniquae

285 2501 287 2503 V
338 2509 554 2564 ,Tradiderit
569 2547 581 2567 9
604 2529 726 2584 regno
745 2528 806 2559 aut
825 2525 949 2582 optata
968 2510 1052 2555 luce
1071 2507 1235 2554 fruatur:

1522 1753 1571 1788 axv·-
