1715 3028
326 167 750 212 AENEJDOS
791 166 941 211 LIB.
983 165 1087 212 XI.

76 273 262 338 Conjugis
287 273 447 320 infandae
468 273 585 337 prima
605 273 697 319 inter
718 273 839 318 limina
860 272 989 319 dextra

76 346 252 412 Oppetiit
268 369 277 392 :
295 348 477 393 deviuam
499 347 618 393 Afiam
639 346 800 392 subsedit
819 347 973 393 adulter.

74 423 247 469 Invidiffe
267 426 395 476 Deos,
413 421 537 485 patriis
554 437 593 467 ut
615 421 776 467 redditus
797 420 871 467 oris
892 456 903 475 ‚

75 494 311 562 Coniugium
336 513 504 561 optatum
525 496 566 543 St
581 495 771 559 pulchram
789 495 990 559 Calydona
1010 495 1199 543 viderem!

74 572 186 616 Nunc
213 570 322 616 etiam
340 569 510 617 horribili
529 568 609 615 visu
629 584 804 632 portenta
821 568 1022 632 sequuntur
1037 606 1049 625 ,

75 646 121 689 Et
142 644 234 690 socii
253 644 361 690 amissi
381 644 568 709 petierunt
586 644 721 689 aethera
742 643 876 707 pennis
893 681 905 699 ‚

77 717 381 780 Fluminibusque
402 733 579 781 vagantur
602 734 688 761 aves
708 715 809 775 (heu
829 716 906 762 dira
925 735 1095 764 meorum

28 793 30 798 ⁴
77 791 290 855 Supplicia!
309 795 325 849 )
347 790 385 836 ἃ
405 789 581 853 scopulos
601 788 801 835 lacrimofis
824 789 980 836 vocibus
998 791 1168 855 implent.

77 866 168 910 Haec
185 864 281 910 adeo
301 882 345 909 ex
363 863 431 910 illo
452 862 541 908 mihi
563 863 633 926 jam
653 862 831 926 speranda
851 863 1000 910 fuerunt

77 939 271 999 Tempore
288 971 299 989 ,
319 954 402 981 cum
422 934 525 981 ferro
546 935 708 981 coelestia
728 954 891 1000 corpora
913 936 1063 983 demens

79 1009 234 1073 Appetii
249 1044 259 1062 ,
279 1008 319 1055 Sc
336 1007 495 1073 Veneris
515 1007 658 1054 violavi
679 1008 836 1055 volnere
863 1009 1038 1056 dextram„

79 1088 139 1131 Ne
159 1103 252 1131 vero
268 1120 280 1139 .,
300 1102 347 1129 ne
367 1102 425 1129 me
446 1082 491 1128 ad
514 1083 603 1128 tales
622 1083 803 1147 impellite
823 1103 974 1148 pugnas.
1052 1136 1057 1140 ⁴

80 1162 163 1206 Nec
180 1157 270 1204 mihi
290 1176 371 1204 cum
387 1157 542 1203 Teucris
560 1158 677 1204 ullum
695 1159 778 1223 post
796 1176 897 1206 eruta
914 1160 1055 1206 bellum

81 1238 259 1298 Pergama
277 1269 288 1287 ‚
314 1251 384 1278 nec
402 1247 571 1278 veterum
589 1232 757 1286 memini,
774 1233 932 1280 laetorve
949 1234 1142 1281 malorum„

79 1312 239 1355 Munera
253 1343 265 1361 ,
283 1325 367 1369 quae
386 1304 509 1369 patriis
526 1306 570 1351 ad
588 1325 647 1352 me
665 1307 821 1371 portatis
842 1308 886 1354 ab
905 1308 979 1354 oris
993 1344 1006 1363 ,

81 1378 227 1426 Vertite
244 1378 289 1423 ad
310 1382 471 1424 AEnean:
489 1377 649 1423 stetimus
673 1379 747 1424 tela
765 1379 892 1443 aspera
909 1397 1038 1428 contra
1058 1418 1070 1436 ‚

84 1453 399 1516 Contulimusque
419 1471 566 1498 manus:
587 1450 744 1516 experto
767 1455 905 1501 credite
920 1492 932 1510 ‚
953 1473 1108 1520 quantus

83 1533 125 1576 In
150 1529 311 1593 clipeum
329 1526 486 1590 affurgat
500 1562 512 1581 .,
535 1545 613 1590 quo
637 1527 784 1573 turbine
806 1544 980 1593 torqueat
998 1531 1141 1578 hastam.

85 1600 122 1647 si
143 1601 220 1646 duo
240 1615 420 1663 praeterea
437 1599 528 1650 tales
548 1599 642 1644 ldaea
661 1599 798 1646 tuliffet

84 1677 201 1720 Terra
223 1673 322 1718 viros
338 1707 350 1725 ‚
367 1673 467 1717 ultro
486 1672 643 1717 Inachias
660 1672 816 1719 veuiffet
834 1675 879 1720 acl
896 1676 1004 1722 urbes
1033 1725 1035 1727 ,

86 1745 279 1792 Dardanus
295 1781 306 1799 ‚
327 1743 367 1790 ὅτ.
385 1742 495 1789 verfis
513 1743 660 1807 lugeret
676 1745 821 1790 Graecia
839 1746 932 1792 fatis.

88 1816 285 1880 Quidquid
300 1816 397 1880 apud
415 1816 516 1862 durae
534 1816 702 1862 cessatum
723 1818 773 1862 est
793 1819 931 1865 moenia
948 1821 1076 1884 Trojae
1088 1855 1101 1875 ‚

88 1889 261 1938 Het'loris
282 1893 485 1952 AEueaeque
503 1908 611 1935 manu
630 1889 786 1936 vicloria
807 1891 960 1938 Graium

89 1965 202 2012 Haefit
217 2001 228 2019 ,
244 1964 284 2011 ἃ
304 1964 339 2010 in
356 1964 539 2011 decimum
558 1964 711 2028 vestigia
730 1966 856 2013 retulit
871 1985 1020 2020 annum.

90 2040 216 2087 Ambo
235 2037 362 2084 animis
380 2073 392 2088 ,
416 2038 526 2083 ambo
547 2037 706 2101 insignes
725 2039 975 2102 praestantibus
993 2041 1100 2088 armis
1118 2063 1127 2089 :

92 2112 161 2159 Hic
182 2112 319 2176 pietate
337 2111 453 2176 prior.
476 2113 626 2157 Coeant
644 2110 681 2157 in
700 2112 842 2158 foedera
865 2113 1003 2160 dextrae
1022 2152 1034 2170 ,

94 2189 182 2247 Qua
201 2186 330 2232 datur:
350 2185 397 2231 ast
414 2221 427 2238 ‚
445 2185 550 2231 armis
571 2201 793 2231 concurrant
811 2205 906 2232 arma
925 2222 937 2240 ‚
966 2206 1107 2236 cavete.

94 2262 141 2305 Et
159 2256 336 2321 res-ponsa
354 2256 457 2303 fimul
475 2276 557 2321 quae
577 2255 645 2303 fint
657 2293 670 2312 ‚
687 2274 752 2303 rex
772 2257 913 2321 optime
928 2294 940 2312 ,
956 2259 1056 2323 regis

96 2330 238 2378 Audisti
253 2366 266 2384 ‚
285 2330 324 2377 ὅ(
341 2348 423 2393 quae
441 2329 485 2375 {it
510 2348 645 2394 magno
674 2330 855 2377 sententia
874 2332 992 2381 bello.

96 2403 169 2450 Vix
189 2422 231 2449 ea
250 2402 362 2467 legati
380 2423 388 2447 ε
407 2402 600 2465 variusque
617 2420 684 2466 per
708 2421 773 2449 ora
793 2404 951 2450 cucurrit

90 2475 330 2523 ¹Ausonidum
349 2475 488 2521 turbata
507 2474 672 2523 fremor:
694 2493 785 2531 ceu,
805 2476 884 2526 saxa
907 2492 1094 2531 morantur

204 2553 403 2614 Virgilius
428 2553 477 2599 T,
493 2551 531 2597 I.
603 2594 605 2596 ,
742 2564 743 2567 ’
1048 2555 1082 2598 D
1116 2552 1139 2599 d

1265 180 1361 225 4¹7

1272 515 1360 554 270

1275 884 1367 928 275

1240 1243 1366 1284 ‘280
1428 1263 1431 1264 ⁷

1278 1611 1364 1668 285

1282 1989 1373 2031 290

1278 2336 1371 2400 '295
