1715 3028
286 158 318 204 6
615 160 1236 208 P.VIRGILII

284 263 357 309 Hic
378 262 475 310 inter
493 263 623 311 densas
643 265 797 312 corulos
819 266 937 314 modo
957 285 1117 331 namque
1137 269 1323 333 gemellos
1343 278 1359 326 ζ

287 340 399 401 Spem
416 337 540 401 gregis
555 373 567 392 ,
595 338 666 384 ah!
691 339 791 385 silice
812 339 849 385 in
869 341 966 387 nuda
986 341 1147 388 connixa
1165 342 1328 406 reliquit.

286 413 395 473 Saepe
414 411 550 456 malum
568 411 643 458 hoc
660 411 793 466 nobis,
809 411 834 458 fi
855 431 958 460 mens
980 433 1058 461 non
1077 414 1170 461 laeva
1189 414 1311 462 fuiffet
1329 451 1343 473 ‚

256 550 263 554 ἱ
285 486 347 529 De
366 485 467 530 coelo
487 485 595 531 taklas
614 486 764 532 memini
785 487 989 552 praedicere
1008 507 1182 552 quercus:

289 557 435 622 [Saepe
456 558 593 606 finistra
611 578 700 606 cava
721 560 894 625 praedixit
911 562 955 608 ab
976 561 1062 609 ilice
1081 563 1254 621 cornix.]

286 632 363 678 Sed
384 648 506 679 tamen
521 669 534 688 ‚
554 633 619 681 iste
638 638 741 681 Deus
763 635 827 699 qui
846 636 888 682 slt
903 671 915 691 ‚
941 637 986 683 da
1003 673 1015 691 ‚
1033 637 1167 702 Tityre
1187 672 1200 692 ‚
1232 636 1353 684 nobis.

287 724 326 752 T.
347 708 488 754 Urbem
501 725 640 772 ‚quam
660 710 790 757 dicunt
808 715 964 758 Romam
979 748 991 766 ,
1010 713 1198 759 Meliboee
1212 748 1223 766 ‚
1246 711 1375 776 putavi

288 782 430 827 Stultus
449 800 526 847 ego
547 783 633 830 huic
658 784 793 831 nostrae
816 784 971 832 similem
986 822 998 840 ‚
1016 805 1094 849 quo
1116 786 1216 851 saepe
1239 785 1403 832 solemus

288 857 457 903 Pastores
489 857 618 904 ovium
640 875 792 906 teneros
813 859 1006 924 depellere
1030 860 1154 906 foetus.

289 932 351 977 Sic
372 931 522 978 canibus
541 934 685 980 catulos
706 934 829 980 fimilis
849 970 861 989 ,
891 934 939 980 sic
961 936 1136 982 matribus
1157 937 1286 983 haedos

291 1009 459 1053 Noram:
480 1005 528 1052 fic
547 1007 668 1071 parvis
688 1027 923 1073 componere
941 1028 1072 1073 magna
1094 1010 1271 1057 solebam.

219 1088 228 1095 “
290 1083 431 1126 Verum
451 1080 530 1126 haec
549 1096 693 1128 tantum
713 1082 801 1128 alias
820 1082 917 1129 inter
939 1099 1049 1147 caput
1070 1084 1203 1130 extulit
1221 1083 1323 1131 urbis
1341 1094 1355 1139 ‚'

290 1156 486 1214 Quantum
512 1153 613 1199 lenta
645 1154 771 1200 solent
793 1153 891 1200 inter
914 1154 1072 1200 viburna
1098 1156 1264 1219 cupreffi.

290 1245 339 1272 Μ.
366 1230 412 1273 Et
432 1246 515 1290 quae
533 1242 633 1273 tanta
650 1227 718 1273 fuit
736 1231 891 1273 Romam
909 1227 976 1273 tibi
996 1228 1101 1273 causa
1118 1228 1273 1275 videndi
1293 1236 1307 1276 ἒ

290 1320 327 1348 Τ.
355 1301 517 1347 Libertas
537 1321 546 1346 ι
573 1319 656 1364 quae
676 1336 688 1354 ,
709 1299 783 1345 sera
800 1335 812 1353 ‚
843 1315 965 1346 tamen
986 1300 1149 1365 respexit
1165 1300 1323 1348 inertem
1343 1322 1356 1356 ;

237 1410 245 1417 -
292 1375 503 1421 Candidior
520 1374 715 1439 postquam
732 1373 907 1420 tondenti
926 1374 1038 1420 barba
1056 1373 1237 1428 cadebat3

290 1448 469 1512 Respexit
487 1464 609 1494 tamen
625 1483 637 1500 ,
657 1447 698 1493 &
723 1442 845 1508 longo
866 1445 948 1509 post
965 1460 1138 1510 tempore
1156 1446 1263 1492 venit
1280 1482 1292 1500 ‚

291 1522 489 1585 Postquam
510 1539 579 1567 nos
599 1518 798 1583 Amaryllis
814 1518 926 1564 habet
939 1554 951 1572 ,
975 1519 1128 1573 Galatea
1151 1519 1315 1582 reliquit.

291 1598 464 1658 Namque
491 1594 666 1653 (fatebor
684 1593 811 1652 enim)
831 1593 918 1639 dum
936 1611 997 1639 me
1016 1593 1170 1640 Galatea
1189 1594 1367 1647 tenebat,

291 1671 375 1714 Nec
393 1668 475 1732 spes
494 1667 675 1714 libertatis
697 1681 774 1712 erat
794 1702 806 1720 .,
832 1685 901 1712 nec
926 1685 1011 1713 cura
1033 1666 1158 1731 peculi
1177 1688 1188 1712 z

291 1744 477 1805 Quamvis
494 1744 609 1789 multa
627 1742 718 1789 meis
737 1741 856 1788 exiret
872 1741 1020 1788 viffima
1038 1741 1159 1807 saeptis
1178 1778 1192 1797 ‚

288 1817 445 1882 Pinguis
465 1817 679 1881 &ingratae
699 1832 930 1881 premeretur
946 1816 1072 1864 caseus
1092 1816 1175 1863 urbi
1193 1853 1206 1872 .,

289 1894 385 1938 Non
407 1910 570 1955 unquam
590 1891 711 1955 gravis
732 1910 807 1937 aere
827 1891 980 1938 domum
1001 1890 1091 1937 mihi
1114 1890 1243 1937 dextra
1262 1890 1417 1938 redibat.

280 1983 341 2024 ‚M
361 1965 526 2011 Mirabar
538 2000 551 2018 ‚
570 1963 660 2027 quid
678 1963 805 2009 moesta
822 1966 928 2010 Deos
944 1999 956 2016 ‚
969 1963 1151 2027 Amarylli
1169 1998 1182 2018 ‚
1201 1982 1356 2010 vocares
1375 1983 1384 2009 :

290 2039 367 2085 Cui
389 2040 556 2104 pendere
577 2038 639 2085 sua
656 2037 834 2103 patereris
853 2038 890 2084 in
909 2038 1043 2085 arbore
1064 2056 1187 2102 poma.

288 2110 443 2174 Tityrus
465 2111 553 2157 hinc
567 2111 704 2157 aberat.
735 2110 824 2175 ipsae
837 2128 874 2157 te
887 2146 900 2165 ,
917 2110 1050 2175 Tityre
1066 2145 1078 2164 ‚
1097 2110 1207 2174 pinus
1223 2146 1236 2165 ‚

288 2182 361 2246 lpfi
383 2198 419 2229 te
437 2183 562 2230 sontes
575 2220 587 2238 ‚
605 2183 684 2248 ipsa
703 2183 781 2229 haec
799 2183 939 2230 arbusta
959 2219 972 2237 ‚
992 2183 1189 2230 vocabant.

291 2274 329 2302 T.
353 2255 459 2316 Quid
477 2256 664 2303 facerem?
688 2275 811 2320 neque
829 2256 982 2303 servitio
1006 2274 1066 2302 me
1088 2255 1190 2302 exire
1206 2254 1343 2303 licebat
1359 2292 1373 2312 ‚

289 2333 376 2391 Nee
399 2347 471 2376 tam
489 2331 679 2395 praesentis
697 2331 784 2377 alibi
804 2330 1038 2395 cognostere
1059 2329 1193 2376 Divos.

289 2402 361 2448 Hic
384 2402 488 2449 illum
506 2403 584 2449 vidi
602 2404 778 2466 juvenem
793 2439 805 2458 .,
833 2403 1021 2450 Meliboee
1034 2438 1046 2457 ,
1065 2402 1266 2467 quotannis

288 2475 348 2522 Bis
367 2475 477 2523 senos
501 2476 560 2523 cui
581 2476 703 2524 nostra
721 2476 799 2524 dies
817 2476 942 2524 altaria
959 2476 1112 2524 fumant.

1525 361 1574 405 ¹5

1523 728 1581 760 20

1524 1102 1576 1144 25

1525 1465 1581 1506 30

1525 1836 1576 1880 35

1522 2203 1583 2240 40
