1715 3028
308 169 370 216 26
640 172 695 216 Ρ.
772 172 1273 220 VIRGILII

305 276 361 322 Sis
384 276 502 322 bonus
521 295 545 321 o
564 274 731 340 felixque
751 276 822 322 tuis
840 282 850 321 ¹.
870 281 917 324 en
937 293 1096 341 quatuor
1113 298 1189 338 aras
1210 300 1218 324 :
1315 285 1318 290 '
1503 332 1509 339 x
1539 285 1567 327 6
1579 298 1596 341 5

305 353 405 397 Ecce
429 350 517 396 duas
536 350 603 396 tibi
619 386 631 404 ,
652 351 831 415 Daphni,
849 352 936 399 duas
955 354 1078 400 altaria
1101 354 1248 400 Phoebo
1268 375 1288 408 ·,-
1320 407 1322 410 ¹

303 423 445 470 Pocula
464 423 547 469 bina
567 442 672 470 novo
696 423 900 488 spumantia
920 426 1012 472 lacte
1030 426 1232 489 quotannis
1252 462 1283 480 ‚i

303 494 552 558 Craterasque
573 497 649 542 duo
671 495 818 543 statuam
836 497 909 543 tibi,
923 498 1070 561 pinguis
1092 498 1208 545 olivi:

303 570 350 614 Et
367 567 487 614 multo
508 568 547 614 in
571 569 696 632 primis
717 569 871 616 hilarans
891 571 1064 618 convivia
1081 573 1244 629 Baccho,

301 645 403 689 Ante
424 643 550 690 focum
568 680 580 700 ‚
598 644 624 691 sl
644 644 759 709 frigus
778 645 875 700 erit,
895 646 919 692 fi
939 646 1055 692 meffis
1070 682 1083 700 ,
1102 647 1138 693 in
1166 648 1313 700 umbra,
1542 663 1601 704 70

300 717 399 776 Vina
419 736 562 764 novum
580 718 730 764 fundam
751 718 902 766 calathis
920 718 1063 765 Ariufia
1086 720 1220 765 neclan

295 777 516 837 Cantabunt
537 791 627 837 mihi
647 795 835 838 Damoetas
854 792 894 839 ὅ(
914 792 1061 857 Lyfflus
1079 797 1206 857 AEgon
1225 814 1234 837 z

299 864 473 910 Saltantis
494 869 645 929 Satyros
664 866 866 912 imitabitur
887 865 1162 929 Alphesiboeus.

300 938 391 981 Haec
418 936 485 982 tibi
513 937 656 1000 semper
677 952 785 983 erunt
799 972 811 988 ,
837 937 877 984 &
894 955 977 982 cum
998 936 1179 983 solemnia
1200 952 1289 984 vota

298 1009 512 1056 Reddemus
530 1011 716 1075 Nymphis
732 1047 744 1063 ,
765 1011 805 1057 ὅ(
826 1029 909 1058 cum
926 1011 1157 1057 lustrabimus
1177 1029 1302 1075 agros.
1538 1026 1595 1069 75

296 1085 397 1128 Dum
419 1083 507 1147 juga
524 1083 664 1130 montis
682 1102 770 1148 aper
786 1119 798 1138 .,
817 1083 956 1131 fluvios
976 1085 1064 1132 dum
1083 1085 1190 1148 piscis
1212 1083 1375 1138 amabit,v

297 1157 474 1218 Dumque
491 1156 624 1220 thymo
642 1157 838 1220 pascentur
857 1175 945 1220 apes
961 1192 973 1209 ‚
994 1157 1082 1204 dum
1101 1175 1188 1202 rore
1206 1156 1343 1202 cicadae
1357 1191 1370 1210 ‚

298 1230 455 1291 Semper
480 1228 604 1274 honos
621 1264 634 1282 ,
660 1246 877 1292 nomenque
903 1244 1006 1276 tuum
1025 1264 1037 1282 ‚
1067 1228 1268 1292 laudesque
1288 1229 1500 1276 manebunt.

297 1304 351 1347 Ut
367 1302 514 1348 Baccho
540 1301 751 1365 Cererique
766 1337 778 1356 .,
796 1301 862 1348 tibi
881 1301 930 1348 sle
948 1317 1037 1349 vota
1058 1302 1260 1366 quotannis

299 1374 493 1439 Agricolae
514 1376 674 1422 facient:
693 1375 878 1422 damnabis
898 1390 936 1422 tu
958 1392 1113 1439 quoque
1137 1375 1248 1422 votis.
1533 1381 1592 1423 80

297 1465 378 1495 ΜΟ.
400 1452 500 1510 Quae
520 1448 587 1495 tibi
602 1483 614 1502 ‚
635 1466 719 1512 quae
735 1447 799 1494 tali
817 1448 968 1494 reddam
984 1466 1054 1511 pro
1076 1448 1239 1494 carmine
1257 1447 1356 1495 dona
1373 1455 1388 1494 ?

299 1526 397 1570 Nam
417 1542 542 1587 neque
569 1542 628 1569 me
649 1538 790 1569 tantum
811 1521 996 1568 venientis
1021 1512 1144 1568 sibilus
1165 1521 1271 1568 austri
1290 1559 1303 1577 ‚

298 1599 383 1645 Nec
406 1598 571 1662 percussa
592 1598 722 1660 juvant
740 1597 853 1645 fluclu
870 1612 942 1643 tam
958 1597 1094 1651 litora,
1113 1615 1181 1643 nec
1204 1616 1288 1661 quae

296 1671 452 1718 saxosas
473 1671 571 1719 inter
589 1672 786 1718 decurrunt
802 1672 955 1718 flumina
975 1671 1101 1718 valles.

300 1760 373 1788 ME.
392 1746 469 1789 Hac
488 1759 524 1790 te
546 1763 615 1790 nos
640 1742 762 1807 fragili
782 1743 1002 1790 donabimus
1021 1759 1106 1790 ante
1125 1743 1255 1790 cicuta.
1534 1751 1589 1805 85

300 1818 392 1863 Haec
409 1835 477 1863 nos
495 1852 507 1870 ,
529 1815 751 1863 Formosum
771 1815 959 1879 Corydon
979 1816 1128 1862 ardebat
1146 1815 1299 1861 Alexin:

297 1891 390 1934 Haec
408 1890 538 1935 eadem
557 1888 688 1935 docuit
705 1925 717 1942 ,
737 1889 876 1950 Cujum
895 1896 1036 1952 pecus?
1055 1908 1100 1934 an
1118 1888 1298 1935 Meliboei
1316 1895 1332 1935 ἓ

300 1978 379 2007 ΜΟ.
402 1964 451 2008 At
468 1977 506 2007 tu
528 1961 628 2008 sume
646 1961 805 2026 pedum,
825 1961 951 2024 quod,
969 1979 1028 2008 me
1047 1979 1131 2009 cum
1150 1961 1248 2025 saepe
1268 1972 1446 2027 rogaret,⁸

300 2033 392 2078 Non
412 2032 497 2079 tulit
514 2033 722 2098 Antigenes
742 2069 755 2088 ‚
781 2038 798 2093 (
810 2033 850 2082 &
867 2048 945 2080 erat
962 2049 1037 2080 tum
1056 2034 1192 2098 dignus
1209 2035 1352 2096 amari)

300 2107 521 2154 Formosum
539 2107 687 2173 paribus
708 2106 818 2154 nodis
844 2122 955 2171 atque
979 2125 1052 2154 aere
1072 2143 1084 2162 ‚
1106 2107 1293 2154 Menalca.
1495 2114 1497 2116 ’
1528 2128 1589 2171 90

620 2313 945 2327 -η
