1715 3028
239 401 299 458 P.
352 396 737 456 VIRGILII
799 390 1211 451 MARONIS

107 511 1345 642 BUCOLICA.

487 776 979 790 ——--—

313 882 736 927 TITYRUS..
791 882 1064 926 ECLOGA
1114 881 1143 924 I.

401 989 966 1062 ARGUMENTU
1003 1019 1061 1059 M.

91 1150 296 1190 Meliboeus
305 1181 318 1198 ,
331 1152 427 1206 agris
441 1149 508 1190 suis
520 1163 662 1204 exutus,
678 1149 767 1189 dum
780 1150 896 1204 patria
911 1149 1062 1189 extorris
1078 1146 1295 1201 capellarum
1307 1159 1388 1201 gree:

145 1226 230 1268 gem
242 1224 323 1252 ante
340 1214 375 1253 se
391 1216 464 1266 agit
478 1245 490 1262 ‚
513 1217 552 1252 in
566 1214 743 1265 Tityrum
760 1214 882 1251 incidit
893 1244 906 1259 ,
922 1227 1031 1265 quem
1050 1227 1135 1251 cum
1152 1213 1186 1249 in
1200 1211 1389 1250 communi

148 1275 351 1314 calamitate
365 1274 507 1313 summa
522 1273 710 1313 securitate
733 1275 772 1313 ὃ(
788 1276 868 1312 otio
882 1273 952 1312 frui
966 1273 1109 1313 videret
1121 1304 1133 1321 ‚
1155 1275 1303 1312 miratus
1318 1275 1389 1313 ho-

148 1340 252 1377 minis
268 1338 420 1384 sortem,
437 1339 495 1376 cui
508 1348 697 1390 acceptam
710 1352 793 1376 eam
808 1337 899 1376 ferat
911 1368 922 1385 ‚
938 1349 1055 1391 rogat.
1066 1337 1202 1376 Narrat
1215 1337 1388 1391 Tityrus,

147 1399 339 1453 quomodo
362 1400 402 1438 &
425 1414 447 1437 a
469 1401 542 1452 quo
568 1413 674 1452 agros
692 1399 773 1438 suos
788 1399 985 1452 gregesque
1001 1400 1120 1438 salvos
1146 1415 1389 1452 recuperave-
1426 1407 1435 1408 ’

146 1463 204 1504 rit.
219 1460 360 1501 Interea
373 1461 461 1499 alter
477 1461 523 1500 de
535 1462 637 1509 mal-is
651 1475 693 1499 ac
710 1459 880 1498 molestiis
896 1461 1125 1513 migrationis
1138 1459 1219 1500 suae
1233 1476 1393 1514 conque-²

148 1525 245 1563 titur.
270 1522 394 1575 Atque
416 1521 487 1561 hoc
508 1523 658 1576 quidem
679 1537 812 1561 verum
827 1538 869 1561 ac
890 1525 1079 1576 proprium
1100 1526 1267 1562 carminis
1286 1538 1396 1578 argu·-²

151 1596 340 1632 mentum3
361 1584 461 1638 quod
485 1596 663 1637 quantum
679 1598 700 1623 a
714 1596 842 1623 natura
859 1585 1029 1623 carminis
1050 1584 1220 1638 pastoritii
1246 1588 1396 1640 proprie

151 1647 236 1687 diffi
256 1644 345 1686 absit
356 1677 369 1693 ,
391 1646 495 1685 facile
512 1658 682 1700 apparet,
700 1647 742 1686 &
756 1646 861 1700 quale
877 1660 1020 1685 novum
1042 1661 1156 1701 genus
1169 1649 1365 1687 constituat
1381 1680 1396 1699 ‚

150 1709 189 1746 in
218 1708 457 1761 disputatione
482 1708 528 1746 de
558 1708 742 1747 Bucolicis
765 1708 974 1761 virgilianis
997 1708 1200 1761 expositum
1223 1709 1285 1749 est.
1322 1709 1397 1749 Sed

152 1773 359 1812 communis
380 1774 551 1811 omnium
578 1784 790 1824 temporum
815 1773 940 1823 opinio
955 1802 968 1820 ,
990 1785 1160 1812 veterum
1190 1773 1398 1813 Gramma-

155 1836 312 1877 ticorum
338 1833 411 1873 fide
432 1833 596 1881 firmata,
619 1835 801 1880 obtinuit,
829 1832 991 1887 Eclogae
1014 1826 1122 1887 liujus
1149 1837 1328 1874 rationem
1351 1836 1399 1876 ad

154 1899 211 1937 illa
232 1909 400 1950 tempora
423 1897 464 1936 &
479 1897 625 1949 Virgilii
646 1898 829 1936 fortunam
844 1899 1167 1937 accommodatam
1188 1899 1257 1938 esse
1270 1931 1282 1947 ,
1298 1910 1337 1937 ut
1352 1914 1400 1939 eo

156 1974 253 1999 anno
271 1958 340 2013 (U.
356 1957 401 2004 C,
418 1973 441 2010 7
452 1957 528 2012 13.)
547 1958 674 2011 scripta
689 1958 746 2005 fit,
763 1973 837 2011 quo
852 1960 1149 1999 Triumvirorum
1161 1960 1325 2014 pactione
1340 1961 1402 2000 de-

157 2033 254 2062 creta
278 2021 335 2060 illa
356 2035 529 2075 agrorum
544 2022 635 2060 inter
648 2034 844 2060 veteranos
858 2022 987 2061 divisio
1004 2023 1050 2060 ab
1072 2022 1287 2062 Octaviano
1305 2022 1401 2062 fasta

158 2085 233 2136 est3
251 2086 296 2125 de
317 2100 389 2139 qua
405 2101 443 2125 v.
469 2085 630 2138 Appian.
653 2084 767 2125 Civil.
783 2084 846 2123 lib.
864 2085 934 2124 IV.
956 2084 1021 2138 (P.
1037 2084 1083 2125 II.
1103 2085 1163 2126 ed,
1183 2085 1305 2124 Amst.
1322 2087 1403 2137 670

157 2164 196 2203 p.
215 2149 324 2204 954)
351 2147 432 2188 Dio
457 2145 630 2194 XLVII,
654 2161 712 2196 14.
736 2146 836 2186 Ante
865 2148 962 2186 enim
979 2177 992 2193 ,
1016 2161 1126 2199 quam
1153 2146 1335 2186 Antonius
1360 2148 1402 2187 &

160 2210 390 2251 Ottavianus
403 2207 579 2249 adversus
591 2207 756 2249 Caffium
768 2209 808 2248 &
821 2209 976 2248 Brutum
985 2208 1297 2262 proficiscerentur
1306 2241 1317 2258 ‚
1330 2209 1404 2248 icio

161 2272 209 2311 ad
237 2273 422 2312 Mutinam
447 2272 595 2312 foedere
612 2302 624 2321 ‚
646 2285 738 2325 quae
765 2269 816 2310 est
836 2272 985 2310 infamis
1013 2271 1073 2309 illa
1098 2270 1404 2311 Triumvirorum

159 2335 281 2389 pactio
303 2335 353 2376 U.
367 2333 412 2375 C.
428 2349 476 2388 71
488 2349 503 2373 1
522 2365 535 2382 ,
551 2346 591 2374 ut
612 2335 811 2375 exercitum
823 2364 836 2380 ,
860 2348 906 2372 ex
928 2335 1109 2373 veteranis
1125 2333 1199 2373 fere
1214 2333 1404 2388 conscrip-

111 2394 115 2398 ’
160 2409 239 2438 tum
256 2430 268 2448 ‚
289 2400 324 2437 in
339 2397 411 2437 fide
436 2399 654 2444 retinerent,
679 2397 853 2436 militibus
871 2407 1011 2450 praeter
1034 2398 1100 2437 alia
1122 2399 1283 2451 praemia
1299 2398 1406 2438 colo-

102 2508 105 2510 ,
161 2465 237 2504 nias
260 2463 405 2503 urbium
426 2462 656 2510 Italicarum,
681 2463 723 2502 &
746 2462 875 2515 opibus
898 2463 939 2501 &
959 2462 1100 2502 solo&
1119 2462 1289 2503 aedificiis
1314 2464 1403 2502 inter

163 2540 301 2569 ceteras
316 2524 510 2581 insignium
524 2557 537 2573 ,
553 2525 760 2567 octodecim
770 2555 783 2573 ,
799 2539 892 2579 quae
903 2524 1014 2567 Caffii
1025 2536 1143 2580 partes
1156 2526 1381 2581 sequerentur
1391 2557 1404 2577 ,

202 2593 402 2656 Virgilius
426 2593 475 2639 T,
493 2592 533 2638 I.
1043 2593 1078 2636 A
1118 2609 1138 2634 z
