1715 3028
89 2298 150 2343 ψ

306 168 372 233 ψ
635 168 689 217 R
762 172 1260 224 VIRGJLJJ

309 277 443 322 Fortes
459 275 648 323 invortant
666 277 789 331 tauri,
813 276 1014 342 glebasque
1031 279 1189 341 jacentis

309 348 576 396 Pulverulenta
597 363 736 412 coquat
753 350 900 396 maturis
920 350 1059 397 solibus
1081 350 1195 397 aestas.

304 420 362 466 'At
379 420 403 465 sl
426 440 502 467 non
519 420 630 468 suerit
646 421 756 467 tellus
773 420 929 469 fecunda
944 457 955 476 ,
971 421 1035 469 sub
1055 421 1172 486 ipsum
1226 413 1237 433 ⁵

311 494 508 541 Ar&urum
528 495 627 542 tenui
647 494 700 542 sat
718 494 787 542 erit
804 495 1026 560 suspendere
1046 496 1148 542 sulco
1167 517 1177 541 z

310 566 393 612 Illic
412 602 424 620 .,
448 566 614 629 officiant
637 566 731 613 laetis
751 586 796 614 ne
813 567 980 632 frugibus
999 568 1123 617 herbae
1142 589 1151 614 :

310 641 384 685 Hic
399 674 411 692 .‚
430 639 590 687 sterilem
608 639 762 704 exiguus
789 659 836 686 ne
854 641 998 688 deserat
1016 641 1151 689 humor
1169 654 1331 689 arenam

313 713 480 759 Alternis
507 713 606 760 idem
628 713 750 760 tonsas
770 714 906 760 cessare
933 715 1076 762 novalis
1093 751 1106 770 .,

313 789 363 833 Et
382 787 536 851 segnem
555 788 696 852 patiere
718 787 786 834 situ
804 788 1002 835 durescere
1020 808 1202 854 campum.

314 863 392 906 Aut
409 860 461 906 ibi
480 861 575 908 flava
593 862 689 908 seres
705 898 718 917 ‚
735 878 877 910 mutato
898 862 1016 910 fidere
1036 899 1048 918 ‚
1076 863 1168 910 farra
1183 900 1196 918 ‚

314 934 429 980 Unde
444 934 543 998 prius
560 936 685 983 laetum
702 936 831 1001 filiqua
849 938 1036 1001 quassante
1053 937 1230 1002 legumen
1251 949 1265 992 ,’

315 1009 393 1052 Aut
411 1006 531 1052 tenuis
551 1007 662 1054 foetus
680 1007 789 1054 viciae
808 1044 821 1062 ,
850 1008 1033 1072 tristisque
1053 1009 1170 1073 lupini

316 1078 512 1126 Sustuleris
531 1079 680 1144 fragiles
701 1082 862 1129 calamos
877 1118 888 1136 ‚
914 1082 1116 1145 silvamque
1136 1082 1340 1129 sonantem.

317 1152 404 1199 Urit
433 1154 530 1200 enim
549 1155 615 1202 lini
635 1174 802 1219 campum
826 1156 932 1219 seges
953 1191 965 1209 ‚
994 1154 1067 1200 urit
1091 1172 1245 1200 avenae:

318 1230 441 1274 Urunt
461 1228 614 1275 Lethaeo
636 1229 782 1293 perfusa
805 1247 988 1293 papavera
1015 1228 1162 1275 somno.

319 1298 395 1344 Sed
416 1314 537 1345 tamen
555 1299 702 1348 alternis
720 1299 837 1345 facilis
857 1300 989 1347 labor:
1014 1299 1112 1345 arida
1132 1315 1269 1346 tantum

319 1374 382 1418 Ne
403 1373 561 1420 saturare
581 1373 672 1420 fimo
693 1372 822 1437 pingui
839 1374 975 1437 pudeat
995 1373 1074 1420 sola
1093 1394 1104 1427 ;
1134 1392 1230 1419 neve

320 1445 485 1492 Effoetos
507 1446 671 1495 cinerem
689 1446 916 1495 immundum
939 1446 1074 1508 jafiare
1093 1464 1160 1509 per
1179 1462 1303 1509 agros.

312 1518 383 1564 'Sic
403 1537 557 1582 quoque
578 1519 722 1565 mutatis
742 1518 976 1582 requiescunt
995 1519 1147 1566 foetibus
1167 1537 1264 1565 arva.

319 1593 406 1637 Nec
426 1591 527 1637 nulla
545 1590 684 1638 interea
703 1591 753 1639 est
772 1590 916 1637 inaratae
934 1590 1047 1655 gratia
1067 1606 1188 1638 terrae.

318 1666 428 1728 Saepe
453 1663 562 1712 etiam
580 1662 710 1710 sterilis
727 1663 927 1713 incendere
944 1662 1085 1727 profuit
1103 1681 1215 1727 agros
1233 1698 1246 1716 ‚

320 1744 448 1799 Atque
466 1731 592 1784 levem
610 1736 777 1800 stipulam
795 1734 1059 1802 crepitantibus
1076 1753 1183 1783 urere
1207 1734 1362 1781 flammis
1379 1756 1388 1782 ε

320 1807 412 1854 Sive
433 1808 518 1854 inde
544 1808 707 1857 occultas
726 1806 824 1857 vires
839 1838 854 1861 <‚
886 1807 925 1856 &
944 1807 1078 1872 pabula
1095 1823 1204 1853 terrae

316 1881 475 1945 Pinguia
499 1881 745 1946 concipiunt:
766 1880 842 1927 five
862 1879 934 1926 illis
962 1898 1074 1928 omne
1096 1898 1164 1946 per
1186 1879 1313 1943 ignem

321 1956 560 2020 Excoquitur
575 1955 706 2003 vitium
719 1991 731 2009 .,
748 1971 858 2019 atque
876 1953 1029 2000 exsudat
1048 1952 1187 2000 inutilis
1206 1952 1338 1998 humor
1357 1973 1366 1998 :

320 2034 397 2077 Seu
416 2031 530 2095 pluris
548 2031 652 2078 calos
669 2028 734 2089 ille
753 2028 830 2077 vias
850 2028 889 2075 &
907 2047 1004 2075 caeca
1024 2027 1160 2074 relaxat

321 2104 551 2167 spiramenta
570 2139 582 2157 ,
609 2121 724 2151 novas
744 2101 868 2149 veniat
886 2120 956 2166 qua
976 2101 1101 2149 succus
1124 2101 1160 2148 in
1180 2100 1309 2147 herbas
1327 2120 1336 2144 :

319 2179 396 2221 Seu
414 2176 518 2224 durat
535 2175 650 2239 magis
669 2211 682 2229 ,
705 2174 745 2224 δε
763 2193 875 2221 venas
894 2173 1084 2236 adstringit
1102 2172 1228 2220 hiantis
1246 2192 1256 2217 ε

319 2251 382 2297 Ne
397 2264 524 2296 tenues
541 2249 680 2315 pluviae
699 2285 710 2306 ‚
737 2249 903 2312 rapidive
923 2247 1093 2312 potentia
1111 2246 1200 2293 solis

244 2333 249 2343 '
280 2378 283 2379 ⁷
322 2321 460 2370 ,Acrior
475 2358 488 2375 .,
506 2338 566 2367 aut
585 2326 716 2367 Boreae
736 2320 968 2386 penetrabile
987 2319 1101 2381 frigus
1117 2318 1255 2365 adurat.

322 2394 486 2443 Multum
504 2394 600 2444 adeo
614 2429 625 2447 ‚
650 2392 766 2442 rastris
786 2392 911 2454 glebas
935 2391 997 2455 qui
1013 2388 1146 2453 frangit
1168 2386 1292 2434 inertis
1310 2421 1325 2442 Ἃ

321 2464 588 2531 „vimineasque
608 2464 718 2514 trahit
735 2480 851 2513 crates
867 2499 880 2521 ,
899 2463 1002 2526 juvat
1017 2479 1102 2508 arva
1121 2482 1130 2505 ε
1154 2478 1276 2524 neque
1295 2459 1407 2533 illum„

1544 659 1606 700 70

1549 1025 1604 1068 75

1549 1370 1611 1434 *20

1509 2098 1612 2160 ‚w

1552 2474 1607 2520 95
