1715 3028
282 170 613 251 'AEixrssrD
639 179 735 225 os
768 181 919 227 ΜΒ.
960 180 1098 226 VJJ.

73 290 121 334 Et
137 286 293 351 trepidae
312 302 444 334 matres
463 287 624 352 preffere
640 287 686 334 ad
705 286 858 351 pestora
881 301 1001 334 natos.
1048 349 1049 353 Ἰ

73 365 171 407 Tum
196 380 289 409 vero
311 362 356 407 ad
376 379 512 408 vocem
532 362 672 408 celeres
691 397 701 417 ,
720 378 792 424 qua
809 360 967 407 buccina
983 360 1127 426 signum

74 433 164 479 Dira
181 433 311 487 dedit,
329 432 442 497 raptis
461 447 690 479 concurrunt
708 430 874 495 undique
891 432 976 478 telis

72 506 251 554 Indomiti
267 506 469 571 agricolae:
491 525 561 553 nec
581 525 658 553 non
678 505 718 553 &
734 508 852 551 Tro'i'a
872 505 988 570 pubes

71 579 234 627 Ascanio
254 580 429 627 auxilium
449 580 567 627 castris
587 578 748 627 effundit
764 578 914 643 apertis.

71 655 255 703 Direxere
275 657 383 703 acies.
409 659 498 703 Non
517 657 590 720 jam
611 653 812 702 certamine
831 652 962 720 agresti
984 688 997 706 ,

69 727 265 792 Stipitibus
285 729 384 775 duris
408 728 529 794 agitur
549 727 747 774 sudibusve
761 726 957 791 praeustis3

72 805 146 851 Sed
165 805 267 853 ferro
289 804 443 870 ancipiti
461 805 690 858 decernunt,
706 818 857 867 atraque
878 803 951 849 late

71 879 267 926 Horrescit
286 879 413 926 striffis
436 879 541 943 seges
559 877 702 925 ensibus
716 913 729 931 .,
747 895 895 941 aeraque
913 876 1063 942 fulgent

73 955 164 1001 Sole
184 955 340 1002 laceflita
354 992 366 1009 ‚
385 956 425 1003 ἃ
443 956 566 1002 lucem
586 955 650 1001 sub
666 952 790 1002 nubila
807 953 969 1017 jaSlant:

72 1026 217 1073 Fluuus
236 1028 290 1074 uti
310 1027 432 1092 primo
453 1028 571 1093 coepit
589 1046 671 1074 cum
690 1027 879 1074 albescere
898 1042 1016 1075 vento
1033 1063 1048 1084 .‚

72 1100 252 1147 Paulatim
273 1101 350 1148 sese
368 1101 472 1148 tollit
489 1119 589 1147 mare
608 1136 620 1155 ‚
645 1100 685 1147 &
703 1100 809 1147 altius
826 1101 942 1147 undas

75 1173 194 1238 Erigit
209 1210 221 1228 ,
242 1174 330 1221 inde
351 1174 427 1221 imo
450 1173 643 1238 consurgit
660 1174 705 1220 ad
722 1174 859 1220 aetliera
876 1173 1007 1220 fundo.

73 1247 145 1294 Hic
163 1248 309 1311 juvenis
333 1249 488 1313 primam
505 1264 590 1308 ante
610 1248 727 1295 aciem
744 1248 918 1295 stridente
938 1246 1093 1312 sagitta,

74 1321 260 1365 Natorum
273 1319 412 1383 Tyrrhi
432 1319 551 1366 fuerat
569 1319 633 1383 qui
654 1319 832 1366 maximus
850 1355 863 1374 ‚
884 1319 999 1365 Almo

75 1392 281 1446 Sternitur3
301 1391 403 1438 haesrt
422 1392 519 1438 enim
537 1392 601 1439 sub
621 1410 769 1456 gutture
786 1393 922 1439 volnus
937 1428 950 1446 .,
973 1391 1013 1438 ἃ
1029 1392 1115 1437 udae

72 1465 190 1512 Vocis
214 1465 282 1511 iter
300 1481 528 1528 tenuemque
547 1465 689 1512 inclusit
716 1466 897 1530 sanguine
917 1465 1043 1511 vitam.

72 1538 253 1601 Corpora
270 1536 386 1582 multa
404 1535 524 1582 virum
544 1535 640 1583 circa
656 1572 669 1591 ‚
688 1536 891 1600 seniorque
906 1536 1073 1582 Galaesus
1089 1570 1104 1589 ‚

72 1612 173 1654 Dum
197 1608 279 1672 paci
296 1609 460 1656 medium
478 1609 515 1656 se
536 1611 671 1657 offert:
691 1611 895 1674 justissimus
915 1628 1010 1656 unus

73 1680 153 1741 Qui
174 1681 264 1735 suit,
282 1682 533 1745 Ausoniisque
554 1683 646 1729 olim
663 1683 850 1730 ditiffimus
869 1683 964 1730 arvis
985 1704 994 1728 z

74 1752 257 1816 Quinque
282 1771 417 1817 greges
435 1753 490 1798 illi
508 1754 695 1800 balantum
710 1790 722 1808 ‚
743 1755 855 1817 quina
873 1755 1045 1801 redibant

74 1830 252 1884 Armenta
266 1862 278 1881 ‚
300 1827 340 1874 ἃ
358 1843 491 1874 terram
509 1844 659 1875 centum
676 1830 843 1876 vertebat
860 1828 997 1875 aratris.

102 1890 105 1906 ,›
140 1903 267 1961 Atque
286 1918 328 1946 ea
344 1917 412 1964 per
431 1918 583 1964 campos
600 1920 712 1964 aequo
733 1901 820 1947 dum
837 1905 963 1948 Marte
983 1915 1163 1965 geruntur
1176 1936 1190 1956 ‚

75 1970 239 2017 Promiffi
258 1975 339 2018 Dea
358 1971 447 2020 fasta
468 1989 603 2037 potens
615 2009 627 2027 ‚
643 1973 705 2020 ubi
728 1973 908 2038 sanguine
925 1973 1065 2020 bellum

74 2046 238 2100 imbuit,
264 2046 304 2093 ὅ(
321 2047 450 2111 primae
469 2047 652 2095 commisit
670 2048 798 2094 funera
818 2066 956 2112 pugnae
974 2082 987 2101 ‚

77 2120 224 2166 Deserit
240 2120 457 2185 Hesperiam
471 2157 483 2176 ,
503 2121 544 2169 ὅς
565 2121 654 2168 coeli
672 2140 840 2168 convexa
856 2139 923 2185 per
939 2139 1042 2168 auras

75 2196 262 2240 lunonem
280 2193 411 2239 vistrix
431 2195 561 2241 affatur
578 2214 677 2242 voce
698 2194 853 2259 superba
870 2215 879 2240 :

77 2268 134 2312 En
151 2301 163 2319 ‚
179 2266 342 2329 perfe&a
360 2267 426 2313 tibi
445 2268 550 2315 bello
574 2267 760 2314 discordia
779 2267 879 2314 tristi,

76 2338 148 2384 Dic
162 2373 174 2391 ,
193 2338 230 2384 in
248 2338 443 2387 amicitiam
461 2357 623 2395 coeant,
645 2341 684 2388 ἃ
703 2341 845 2387 foedera
861 2342 1019 2406 jungant
1036 2364 1045 2387 ⁴:

77 2411 397 2474 Quandoquidem
416 2413 588 2460 Ausonio
607 2413 761 2478 respersi
781 2414 960 2479 sanguine
975 2418 1158 2464 Teucros.

77 2486 164 2532 Ho'c
179 2485 288 2533 etiam
306 2485 361 2533 his
380 2487 509 2536 addam
521 2524 534 2543 ‚
555 2503 614 2536 tua
634 2487 659 2535 fi
679 2488 770 2536 mihi
789 2505 888 2537 certa
907 2488 1078 2538 voluntas
1093 2525 1107 2544 ᾖ

1270 192 1360 241 3¹3

1278 450 1366 493 520

1279 823 1362 874 5²5

1279 1189 1368 1233 530

1282 1553 1367 1598 535

1278 1920 1368 1963 540

1283 2287 1374 2335 5452
1418 2263 1421 2301 f
