1715 3028
433 144 1009 190 BUCOLICA.
1152 130 1155 132 ’
1340 157 1402 204 27

260 271 720 318 SILENUS.
792 272 1094 318 ECLOGA
1149 270 1251 317 VI.

416 399 1079 463 ARGUMENTUM

112 521 205 559 Varo
223 517 391 572 inscripta
412 516 477 557 fuit
496 517 587 556 haec
607 516 747 572 Ecloga
761 549 772 566 ,
795 518 884 557 vide
902 533 941 557 v.
959 532 984 569 7
1007 518 1047 557 &
1068 532 1130 557 12.
1145 517 1247 572 cujus
1267 517 1305 558 &
1322 518 1403 560 Ecl.

159 581 236 627 IX,
250 581 322 628 26,
342 595 391 632 27
405 611 416 629 ‚
438 592 505 633 35,
521 583 702 620 meminit.
725 581 770 620 cf.
788 581 869 621 Ov.
882 596 926 620 ex
941 580 979 620 P.
993 581 1048 620 IV
1062 612 1074 630 ‚
1096 581 1160 628 16,
1171 595 1199 640 3
1213 597 1242 621 1.
1254 583 1404 636 quiquis

158 644 285 690 fuerit,
297 656 372 681 non
384 641 487 681 facile
504 643 549 681 ad
559 642 731 696 liquidum
744 644 873 685 deduci
887 643 987 697 poffe
998 654 1087 696 puto
1099 675 1110 692 ‚
1122 659 1207 682 curn
1215 644 1339 683 Varus
1346 656 1405 683 tot

162 708 322 762 gentium
335 721 373 745 v.
390 705 647 758 c.Quin&iliae
658 738 670 753 ‚
682 707 882 761 Pompeiae
892 739 905 755 ,
920 707 1028 746 Atiae
1041 740 1053 754 ,
1067 707 1229 746 Liciniae
1240 739 1251 756 ,
1269 717 1407 762 cognom?

158 784 243 809 men
255 783 452 808 commune
469 769 584 810 fuerit.
596 769 656 809 Fr.
674 772 817 822 Aristus
836 772 873 808 in
897 772 1063 810 Cremona
1078 771 1235 809 litterata
1247 770 1295 810 T.
1312 772 1328 811 I
1341 802 1353 818 ,
1366 786 1404 824 p.

158 845 209 881 27
220 861 231 879 ‚
247 845 267 869 a
281 845 355 883 quo
371 831 463 870 haec
487 830 645 870 severius
659 831 801 870 trattari
822 832 981 871 debuisse
996 844 1097 885 putes
1112 863 1123 881 ‚
1144 831 1269 885 &ipse
1283 833 1405 872 diver-

158 892 214 932 sos
233 893 402 932 homines
421 893 573 934 miscuit.
596 895 643 934 P.
662 896 802 946 Quin&
819 898 949 934 Varum
962 895 1012 935 U.
1031 895 1077 935 C.
1097 896 1172 946 761
1192 896 1226 933 in
1241 894 1403 934 Germa-

99 958 106 959 ’
157 959 219 996 nia
239 956 395 1006 caesum,
411 972 457 996 ne
472 959 649 998 nominari
664 958 815 1011 quidem
828 958 864 997 h.
880 958 901 997 l.
917 973 1095 997 annorum
1109 960 1199 997 ratio
1211 960 1408 1011 permittit,

158 1020 185 1059 fi
195 1021 342 1074 quidem
354 1020 446 1059 haec
458 1023 619 1060 carmina
632 1022 827 1075 Virgilium
841 1021 997 1060 florente
1010 1032 1126 1059 aetate
1139 1019 1260 1058 feciss'e
1275 1035 1407 1060 verum

156 1081 222 1131 est3
236 1097 459 1136 quamquam
467 1082 573 1135 hujus
585 1084 636 1123 rei
651 1086 863 1138 graviorem
871 1083 1057 1122 aufiorem
1067 1082 1283 1131 desiderem,
1294 1098 1408 1137 quam
1448 1085 1452 1087 ’

155 1144 327 1184 Servium
343 1144 405 1183 vel
423 1143 629 1183 Donatum.
652 1145 725 1184 Sed
745 1160 811 1183 nec
830 1145 960 1184 eadem
980 1144 1025 1182 de
1043 1144 1148 1183 causa
1161 1144 1282 1182 locum
1295 1145 1404 1184 hahet

158 1206 205 1244 P.
229 1203 389 1256 Alfenus
408 1203 600 1257 (scribitur
620 1206 661 1244 &
681 1207 873 1258 Alplaenus
898 1208 938 1244 &
960 1206 1153 1259 Alfinius)
1180 1209 1295 1245 Varus
1310 1239 1323 1255 ,
1348 1208 1408 1261 qui

129 1317 136 1321 .
161 1267 288 1307 consul
297 1267 361 1306 fuit
377 1267 428 1307 U.
444 1267 489 1307 C.
501 1283 525 1319 7
535 1280 590 1321 54.
603 1268 731 1307 nobilis
744 1267 1010 1307 Iureconsultus
1022 1300 1035 1316 ,
1051 1270 1091 1308 ἃ
1107 1269 1154 1307 ad
1165 1284 1275 1323 quem
1289 1271 1408 1324 inepte

158 1328 310 1368 refertur
322 1329 467 1367 Horatii
483 1330 583 1368 locus
599 1329 671 1369 Sat.
689 1330 726 1376 I,
751 1342 767 1382 3
785 1361 796 1378 ,
825 1343 907 1381 130.
932 1331 1165 1381 Quinblilium
1177 1363 1188 1379 ‚
1202 1341 1349 1370 acutum
1366 1332 1407 1371 &

154 1387 322 1428 severum
344 1388 447 1427 illum
475 1390 642 1428 criticum
657 1421 667 1437 ,
695 1390 829 1430 Horat.
856 1390 942 1429 Art.
969 1390 1060 1442 438.
1091 1392 1135 1430 de
1158 1391 1260 1445 cujus
1288 1404 1407 1432 morte

153 1451 284 1493 solatur
299 1453 489 1506 Vzrgilium
509 1453 687 1492 Horatius
711 1452 841 1500 Od.I,
866 1467 915 1502 24
928 1486 939 1502 ‚
964 1454 1003 1491 ὅ(
1017 1467 1127 1505 quern
1146 1454 1401 1508 Hieronymus

154 1513 299 1555 Chron.
323 1513 453 1554 Euseb.
479 1514 567 1553 dum
590 1513 666 1568 ejus
685 1528 821 1553 annum
846 1513 1086 1552 emortualem
1116 1513 1275 1567 Olymp.
1308 1514 1407 1568 189,

160 1590 176 1615 1
199 1577 340 1615 notavit
354 1608 367 1624 ,
393 1575 682 1617 Cremonensem
707 1575 862 1629 appellat
882 1606 895 1622 ‚
922 1575 1017 1614 nulla
1039 1576 1174 1614 idonea
1197 1575 1409 1616 auctoritate

162 1639 249 1677 Vari
265 1640 487 1692 cognomine
511 1638 694 1692 appellant
708 1636 952 1676 Grammatici
968 1669 981 1684 ,
1003 1648 1042 1675 ut
1061 1637 1166 1678 Serv.
1187 1638 1233 1677 ad
1249 1637 1326 1677 Ecl.
1339 1639 1379 1677 V
1392 1671 1407 1686 ,

159 1716 222 1743 20.
248 1702 297 1743 cf.
315 1703 462 1742 Ruaeus
478 1702 523 1741 ad
538 1718 574 1741 v.
591 1717 630 1755 7.
647 1704 697 1754 Q.
720 1703 848 1740 Atium
867 1704 996 1741 Varum
1012 1715 1057 1739 ex
1072 1699 1236 1740 Caesaris
1250 1700 1406 1743 Comm.

154 1765 201 1805 de
219 1765 262 1805 B.
280 1764 378 1805 Gall.
394 1765 513 1812 VIII,
535 1765 596 1804 28.
615 1765 657 1804 B.
675 1765 787 1804 Civil.
805 1764 882 1811 HI,
910 1777 956 1816 37
977 1764 1047 1802 huc
1066 1772 1178 1801 vocat
1200 1763 1352 1804 Martin.
1368 1764 1408 1804 h.

156 1827 179 1866 l.
197 1828 355 1865 nominis
371 1826 598 1866 similitudine
619 1827 796 1866 indu-stus.
829 1826 885 1878 Q.
908 1826 1036 1865 VAR.
1058 1826 1217 1864 occurrit
1239 1826 1278 1864 in
1294 1826 1408 1866 Sarda

157 1889 391 1942 Dafiylioth.
415 1889 574 1942 Lippert.
602 1889 715 1929 Tom.
743 1889 803 1937 II,
825 1905 871 1938 2,
889 1904 975 1943 219.
994 1889 1169 1928 Horatius
1195 1893 1288 1929 Varo
1311 1891 1410 1930 oden

158 1950 333 2004 inscripsit
352 1951 513 1998 XVIII,
535 1951 615 1989 libri
641 1965 655 1988 1
677 1981 690 1997 ‚
717 1952 946 2004 eundemque
965 1950 1088 2003 Epod.
1107 1951 1145 1989 V
1162 1981 1176 1997 ‚
1196 1964 1272 2004 73,
1289 1953 1410 1995 nomi-

161 2024 235 2055 nat.
270 2012 436 2065 Intelligit
466 2012 657 2052 Massonus
686 2014 726 2051 in
745 2012 836 2051 Vita
856 2012 1000 2050 Horatii
1029 2026 1064 2064 p.
1094 2026 1170 2051 222
1202 2014 1245 2050 L.
1279 2016 1409 2052 Varum

159 2076 197 2117 E
193 2076 373 2129 picureum
386 2074 550 2117 Caesaris
564 2077 726 2114 amicum
742 2090 763 2114 a
780 2074 959 2126 Quinftil.
972 2075 1030 2115 VI
1042 2107 1055 2123 ‚
1078 2088 1119 2128 3,
1135 2075 1185 2127 78
1202 2076 1406 2117 laudatum.

157 2139 243 2191 jam
259 2137 285 2176 si
309 2153 352 2177 ex
374 2139 613 2192 interpretum
629 2139 674 2177 ab
690 2139 820 2178 Servio
835 2139 919 2178 inde
937 2137 1010 2180 fide
1027 2139 1248 2192 Epicureum
1271 2140 1410 2195 dogma.

157 2216 197 2240 v.
224 2214 265 2253 3¹
292 2200 366 2254 sqq.
390 2204 606 2255 proponitur
621 2234 633 2250 ‚
656 2217 740 2241 cum
760 2202 938 2257 Syrmus,
963 2218 1009 2243 ex
1035 2202 1217 2244 Cicerone
1234 2206 1309 2242 noti
1323 2205 1410 2257 phi-

157 2262 300 2316 losophi
318 2263 520 2317 Epicurei,
544 2280 617 2304 una
634 2280 718 2304 cum
734 2266 841 2304 Varo
866 2265 1072 2307 auditorem
1095 2265 1195 2305 fuisse
1215 2266 1410 2320 Virgilium

159 2326 305 2366 tradant
327 2328 475 2368 Servius
503 2343 545 2367 ac
564 2329 738 2368 Donatus
750 2360 763 2375 ‚
787 2329 905 2370 eidem
921 2327 984 2382 ipsi
996 2328 1037 2369 L.
1055 2329 1161 2368 Varo
1177 2329 1305 2383 ecloga
1319 2331 1408 2370 haec

158 2391 328 2443 inscripta
348 2392 467 2431 videri
492 2392 620 2445 potest.
654 2392 803 2433 Servius
831 2394 922 2435 inter
942 2404 1079 2431 ceteras
1100 2407 1214 2447 nugas
1235 2393 1408 2446 Alfenum

161 2456 292 2497 ,Varum
316 2453 362 2493 ab
390 2454 557 2512 Augusto
577 2455 863 2512 Transpada-nae
885 2457 1106 2510 provinciae
1130 2457 1172 2497 ὃ(
1196 2457 1289 2511 agris
1313 2455 1409 2495 diviuu
