1715 3028
284 151 820 201 GEORGJCON
882 126 1043 196 LIB}
1103 149 1142 195 1.

67 259 179 307 Flava
197 261 312 306 Ceres
328 260 405 306 alto
428 258 678 323 nequidquam
696 256 833 321 specht
848 257 1021 321 Olympo
1040 276 1060 311 3

68 337 115 381 Et
132 335 195 398 qui
209 370 221 389 ‚
240 334 420 398 prosciffo
441 354 525 399 quae
544 333 689 380 suscitat
708 352 862 396 aequore
881 348 986 397 terga
1003 368 1017 387 ‚
1111 332 1117 338 ⁸

66 408 200 456 Rursus
221 409 257 455 in
278 409 472 473 obliquum
489 407 599 455 verso
622 407 826 470 perrumpit
847 422 968 453 aratro
993 441 1005 460 ‚

67 483 301 547 Exercetque
319 482 490 547 frequens
507 481 680 528 tellurem
692 518 704 536 ‚
722 498 832 546 atque
856 481 1012 545 imperat
1028 480 1136 527 arvis.

68 555 227 602 Humida
246 556 397 602 solstitia
415 592 427 610 ‚
445 571 556 619 atque
573 555 715 602 hiemes
735 571 837 602 orate
858 555 1003 602 serenas
1015 592 1028 610 ,

67 628 287 692 Agricolae:
310 629 469 675 hiberno
490 628 665 674 laetiffima
690 629 848 692 pulvere
867 627 959 674 farra
979 664 992 682 ‚

68 704 185 749 Laetus
204 721 302 767 ager.
325 703 431 749 nullo
456 719 594 749 tantum
616 703 653 749 se
675 701 797 767 Mysia
819 702 923 748 cultu

67 777 200 831 sanat,
224 777 263 824 ἃ
284 777 360 841 ipsa
381 778 459 824 suas
478 778 657 824 mirantur
680 781 845 842 Gargara
862 776 991 823 mestis.

66 849 172 909 Quid
189 850 306 896 dicam
322 887 333 905 ‚
354 852 453 914 jacto
474 852 538 915 qui
558 851 695 897 semine
715 851 921 898 comminus
940 870 1027 897 arva

63 922 274 986 Insequitur
289 952 309 978 ‚x
321 925 566 989 cumulosque
584 925 657 971 ruit
679 925 775 970 male
794 924 941 988 pinguis
961 942 1082 970 arenae
1103 931 1118 970 ?

66 995 213 1042 Deinde
233 997 313 1043 satis
334 997 489 1045 fluvium
513 997 657 1044 inducit
675 1033 687 1051 ,
713 996 892 1061 rivosque
911 997 1098 1060 sequentis
1117 1003 1131 1042 ?

65 1070 135 1123 Et,
154 1089 235 1116 cum
255 1072 397 1118 exustus
414 1091 504 1136 ager
521 1070 766 1118 morientibus
784 1071 910 1117 aestuat
931 1070 1054 1117 herbis
1074 1105 1087 1124 ,

68 1144 166 1189 Ecce
191 1144 394 1208 supercilio
416 1144 547 1191 clivofi
568 1144 719 1190 tramitis
743 1146 876 1191 undam

68 1215 181 1262 Elicit
198 1237 205 1261 :
229 1217 291 1262 illa
312 1218 446 1264 cadens
464 1235 611 1263 raucum
630 1234 697 1280 per
715 1217 814 1262 levia
839 1235 1002 1263 murmur

66 1290 157 1333 Saxa
177 1288 276 1343 ciet,
297 1289 544 1352 scatebrisque
563 1289 701 1340 arentia
717 1305 898 1353 temperat
914 1309 1010 1336 arva.

65 1361 170 1419 Quid
186 1396 198 1414 ,
220 1361 282 1424 qui
298 1397 310 1415 ‚
332 1381 379 1407 ne
404 1362 564 1425 gravidis
583 1363 805 1425 procumbat
828 1363 969 1408 culmus
992 1362 1105 1409 aristis
1127 1374 1140 1417 ‚'

66 1433 263 1485 Luxuriem
284 1434 451 1498 segetum
468 1450 596 1480 tenera
612 1434 779 1498 depascit
801 1434 840 1480 in
866 1434 980 1480 herba
995 1470 1007 1488 ‚

67 1507 163 1550 Cum
185 1507 342 1570 primum
364 1506 488 1552 sulcos
508 1520 658 1569 aequant
678 1505 781 1552 sata?
808 1505 948 1570 quique
972 1505 1115 1570 paludis

65 1578 280 1625 Colle&uni
298 1579 494 1627 humorem
511 1579 640 1627 bibula
659 1578 810 1625 deducit
825 1597 937 1625 arena
955 1586 969 1624 ?

64 1652 272 1700 Praesertim
290 1654 438 1704 incertis
459 1653 485 1699 fi
502 1653 685 1700 menfibus
702 1654 816 1700 amnis
836 1653 1021 1700 abundans

65 1727 177 1780 Exit,
203 1726 242 1773 &
272 1728 437 1774 obducto
462 1728 536 1775 late
555 1743 658 1775 tenet
676 1727 802 1775 omnia
822 1728 914 1774 limo
937 1749 945 1772 :

64 1802 176 1847 Unde
202 1820 301 1847 cavae
318 1802 448 1865 tepido
469 1803 596 1849 sudant
614 1804 771 1851 humore
795 1803 951 1849 lacunae.

1298 159 1360 210 57

1274 572 1358 600 100

1276 940 1357 983 105

1275 1309 1358 1335 110

1273 1671 1361 1719 IIS¹

66 1874 150 1920 Nec
169 1889 290 1921 tamen
310 1874 418 1934 (haec
437 1894 519 1921 cum
538 1875 608 1921 sint
627 1877 897 1941 hominumque
917 1878 1110 1941 boumque
1128 1878 1277 1925 labores

16 1992 20 2002 x
65 1946 262 2002 Versando
282 1963 416 1994 terram
443 1947 614 2011 experti)
634 1947 727 1994 nihil
745 1949 937 2013 improbus
957 1950 1064 1996 anser

64 2019 365 2084 Strymoniaeque
387 2038 494 2085 grues
510 2056 523 2074 ‚
543 2020 584 2067 &c
600 2022 728 2068 amaris
747 2021 871 2069 intuba
890 2022 990 2068 fibris
1007 2058 1019 2077 ‚

63 2095 244 2141 Officiunt
262 2131 275 2149 ‚
303 2110 364 2142 aut
382 2096 511 2141 umbra
529 2104 652 2142 nocet.
673 2111 777 2160 pater
796 2097 874 2160 ipse
894 2096 1048 2144 colendi

62 2167 169 2211 Haud
186 2166 332 2213 facilem
350 2167 422 2214 effe
440 2167 538 2213 viam
556 2167 677 2214 voluit
690 2203 703 2221 ‚
729 2168 942 2232 primusque
964 2188 1031 2234 per
1048 2184 1161 2216 artem

62 2239 194 2286 Movit
212 2257 322 2303 agros
338 2276 350 2295 ‚
380 2241 475 2287 curis
496 2259 627 2287 acuens
644 2242 815 2291 mortalia
838 2242 952 2288 corda
969 2264 977 2288 :

63 2314 147 2360 Nec
165 2329 317 2377 torpere
340 2314 443 2378 gravi
463 2315 580 2379 paffus
600 2315 659 2362 sua
686 2333 800 2379 regna
822 2330 994 2363 veterno.

63 2389 164 2431 Ante
190 2389 323 2432 Iovem
348 2387 439 2434 nulli
460 2387 681 2453 subigebant
703 2407 788 2434 arva
815 2389 972 2436 coloni:

63 2457 146 2503 Nec
165 2457 306 2522 signare
324 2459 474 2524 quidem
490 2476 551 2507 aut
570 2461 698 2526 partiri
720 2461 836 2510 limite
855 2481 1024 2529 campum

1270 2042 1353 2070 120

1267 2411 1347 2454 125
