<?xml version="1.0" encoding="UTF-8"?>
<!DOCTYPE html PUBLIC "-//W3C//DTD XHTML 1.0 Transitional//EN"
    "http://www.w3.org/TR/xhtml1/DTD/xhtml1-transitional.dtd">
<html xmlns="http://www.w3.org/1999/xhtml" xml:lang="en" lang="en">
 <head>
  <title>
</title>
<meta http-equiv="Content-Type" content="text/html;charset=utf-8" />
  <meta name='ocr-system' content='tesseract 3.04.00' />
  <meta name='ocr-capabilities' content='ocr_page ocr_carea ocr_par ocr_line ocrx_word'/>
</head>
<body>
  <div class='ocr_page' id='page_1' title='image "./pvirgiliimaronis001virg_0410.png"; bbox 0 0 1715 3028; ppageno 0'>
   <div class='ocr_carea' id='block_1_1' title="bbox 304 123 1273 183">
    <p class='ocr_par' dir='ltr' id='par_1_1' title="bbox 304 123 1273 183">
     <span class='ocr_line' id='line_1_1' title="bbox 304 123 1273 183; baseline 0 -12"><span class='ocrx_word' id='word_1_1' title='bbox 304 138 400 183; x_wconf 79' lang='lat'>⁴04</span> <span class='ocrx_word' id='word_1_2' title='bbox 639 125 694 170; x_wconf 82' lang='lat' dir='ltr'>P.</span> <span class='ocrx_word' id='word_1_3' title='bbox 768 123 1273 172; x_wconf 15' lang='lat' dir='ltr'><em>VIRGJALJJ</em></span> 
     </span>
    </p>
   </div>
   <div class='ocr_carea' id='block_1_2' title="bbox 304 229 1703 2492">
    <p class='ocr_par' dir='ltr' id='par_1_2' title="bbox 305 229 1585 370">
     <span class='ocr_line' id='line_1_2' title="bbox 305 229 1585 294; baseline 0.001 -17"><span class='ocrx_word' id='word_1_4' title='bbox 305 232 411 292; x_wconf 87' lang='lat' dir='ltr'>Quid</span> <span class='ocrx_word' id='word_1_5' title='bbox 431 231 496 278; x_wconf 88' lang='lat' dir='ltr'>tibi</span> <span class='ocrx_word' id='word_1_6' title='bbox 516 248 635 285; x_wconf 81' lang='lat' dir='ltr'>nunc,</span> <span class='ocrx_word' id='word_1_7' title='bbox 651 229 855 276; x_wconf 75' lang='lat' dir='ltr'>miserande</span> <span class='ocrx_word' id='word_1_8' title='bbox 880 248 973 294; x_wconf 88' lang='lat' dir='ltr'>puer</span> <span class='ocrx_word' id='word_1_9' title='bbox 985 265 996 284; x_wconf 56' lang='lat'>7</span> <span class='ocrx_word' id='word_1_10' title='bbox 1014 248 1084 294; x_wconf 89' lang='lat' dir='ltr'>pro</span> <span class='ocrx_word' id='word_1_11' title='bbox 1106 230 1273 277; x_wconf 75' lang='lat' dir='ltr'>laudibus</span> <span class='ocrx_word' id='word_1_12' title='bbox 1291 231 1363 278; x_wconf 86' lang='lat' dir='ltr'>istis</span> <span class='ocrx_word' id='word_1_13' title='bbox 1377 265 1391 287; x_wconf 83' lang='lat'>‚</span> <span class='ocrx_word' id='word_1_14' title='bbox 1493 236 1551 278; x_wconf 82' lang='lat'>82</span> <span class='ocrx_word' id='word_1_15' title='bbox 1563 247 1585 292; x_wconf 85' lang='lat'>5</span> 
     </span>
     <span class='ocr_line' id='line_1_3' title="bbox 305 301 1247 370; baseline -0.001 -18"><span class='ocrx_word' id='word_1_16' title='bbox 305 306 410 367; x_wconf 80' lang='lat' dir='ltr'>Quid</span> <span class='ocrx_word' id='word_1_17' title='bbox 428 306 507 370; x_wconf 88' lang='lat' dir='ltr'>pius</span> <span class='ocrx_word' id='word_1_18' title='bbox 525 309 656 351; x_wconf 87' lang='lat' dir='ltr'>AEneas</span> <span class='ocrx_word' id='word_1_19' title='bbox 673 318 773 350; x_wconf 87' lang='lat' dir='ltr'>tanta</span> <span class='ocrx_word' id='word_1_20' title='bbox 791 301 892 349; x_wconf 85' lang='lat' dir='ltr'>dabit</span> <span class='ocrx_word' id='word_1_21' title='bbox 913 303 1041 350; x_wconf 79' lang='lat' dir='ltr'>indole</span> <span class='ocrx_word' id='word_1_22' title='bbox 1059 303 1214 367; x_wconf 77' lang='lat' dir='ltr'>dignum</span> <span class='ocrx_word' id='word_1_23' title='bbox 1233 309 1247 350; x_wconf 92' lang='lat'>?</span> 
     </span>
    </p>

    <p class='ocr_par' dir='ltr' id='par_1_3' title="bbox 304 377 1360 443">
     <span class='ocr_line' id='line_1_4' title="bbox 304 377 1360 443; baseline -0.003 -15"><span class='ocrx_word' id='word_1_24' title='bbox 304 385 414 428; x_wconf 83' lang='lat' dir='ltr'>Arma</span> <span class='ocrx_word' id='word_1_25' title='bbox 434 418 446 436; x_wconf 83' lang='lat'><strong>‚</strong></span> <span class='ocrx_word' id='word_1_26' title='bbox 471 379 602 443; x_wconf 84' lang='lat' dir='ltr'>quibus</span> <span class='ocrx_word' id='word_1_27' title='bbox 625 378 767 424; x_wconf 80' lang='lat' dir='ltr'>laetatus</span> <span class='ocrx_word' id='word_1_28' title='bbox 782 412 794 432; x_wconf 86' lang='lat'>,</span> <span class='ocrx_word' id='word_1_29' title='bbox 815 377 910 424; x_wconf 82' lang='lat' dir='ltr'>habe</span> <span class='ocrx_word' id='word_1_30' title='bbox 930 392 1014 424; x_wconf 83' lang='lat' dir='ltr'>tua:</span> <span class='ocrx_word' id='word_1_31' title='bbox 1033 393 1147 441; x_wconf 84' lang='lat' dir='ltr'>teque</span> <span class='ocrx_word' id='word_1_32' title='bbox 1168 396 1360 443; x_wconf 85' lang='lat' dir='ltr'>parentum</span> 
     </span>
    </p>

    <p class='ocr_par' dir='ltr' id='par_1_4' title="bbox 306 450 1283 514">
     <span class='ocr_line' id='line_1_5' title="bbox 306 450 1283 514; baseline -0.002 -14"><span class='ocrx_word' id='word_1_33' title='bbox 306 454 483 504; x_wconf 77' lang='lat' dir='ltr'>Manibus</span> <span class='ocrx_word' id='word_1_34' title='bbox 504 452 543 500; x_wconf 83' lang='lat'>&amp;</span> <span class='ocrx_word' id='word_1_35' title='bbox 560 451 701 505; x_wconf 86' lang='lat' dir='ltr'>cineri,</span> <span class='ocrx_word' id='word_1_36' title='bbox 721 450 745 495; x_wconf 83' lang='lat' dir='ltr'>fi</span> <span class='ocrx_word' id='word_1_37' title='bbox 767 469 838 514; x_wconf 85' lang='lat' dir='ltr'>qua</span> <span class='ocrx_word' id='word_1_38' title='bbox 860 450 910 506; x_wconf 87' lang='lat' dir='ltr'>est</span> <span class='ocrx_word' id='word_1_39' title='bbox 931 469 972 496; x_wconf 87' lang='lat' dir='ltr'>ea</span> <span class='ocrx_word' id='word_1_40' title='bbox 992 469 1076 497; x_wconf 83' lang='lat' dir='ltr'>cura</span> <span class='ocrx_word' id='word_1_41' title='bbox 1089 486 1102 505; x_wconf 88' lang='lat'>.,</span> <span class='ocrx_word' id='word_1_42' title='bbox 1120 451 1283 499; x_wconf 87' lang='lat' dir='ltr'>remitto.</span> 
     </span>
    </p>

    <p class='ocr_par' dir='ltr' id='par_1_5' title="bbox 304 523 1243 580">
     <span class='ocr_line' id='line_1_6' title="bbox 304 523 1243 580; baseline -0.001 -8"><span class='ocrx_word' id='word_1_43' title='bbox 304 529 390 573; x_wconf 88' lang='lat' dir='ltr'>Hoc</span> <span class='ocrx_word' id='word_1_44' title='bbox 404 542 526 571; x_wconf 90' lang='lat' dir='ltr'>tamen</span> <span class='ocrx_word' id='word_1_45' title='bbox 545 523 671 570; x_wconf 79' lang='lat' dir='ltr'><strong>infelix</strong></span> <span class='ocrx_word' id='word_1_46' title='bbox 689 523 855 570; x_wconf 79' lang='lat' dir='ltr'>miseram</span> <span class='ocrx_word' id='word_1_47' title='bbox 872 523 1041 570; x_wconf 79' lang='lat' dir='ltr'>solabere</span> <span class='ocrx_word' id='word_1_48' title='bbox 1060 540 1243 580; x_wconf 87' lang='lat' dir='ltr'>mortem;</span> 
     </span>
    </p>

    <p class='ocr_par' dir='ltr' id='par_1_6' title="bbox 305 587 1589 734">
     <span class='ocr_line' id='line_1_7' title="bbox 305 587 1589 663; baseline -0.001 -17"><span class='ocrx_word' id='word_1_49' title='bbox 305 604 434 646; x_wconf 81' lang='lat' dir='ltr'>AEneae</span> <span class='ocrx_word' id='word_1_50' title='bbox 457 598 582 663; x_wconf 75' lang='lat' dir='ltr'>magni</span> <span class='ocrx_word' id='word_1_51' title='bbox 601 599 727 644; x_wconf 85' lang='lat' dir='ltr'>dextra</span> <span class='ocrx_word' id='word_1_52' title='bbox 746 597 854 644; x_wconf 87' lang='lat' dir='ltr'>cadis.</span> <span class='ocrx_word' id='word_1_53' title='bbox 880 601 1048 661; x_wconf 86' lang='lat' dir='ltr'>Increpat</span> <span class='ocrx_word' id='word_1_54' title='bbox 1067 598 1166 644; x_wconf 87' lang='lat' dir='ltr'>ultro</span> <span class='ocrx_word' id='word_1_55' title='bbox 1498 587 1589 657; x_wconf 16' lang='lat'>8&#39;30</span> 
     </span>
     <span class='ocr_line' id='line_1_8' title="bbox 306 668 1209 734; baseline -0.003 -15"><span class='ocrx_word' id='word_1_56' title='bbox 306 672 523 720; x_wconf 60' lang='lat' dir='ltr'>Gunelantis</span> <span class='ocrx_word' id='word_1_57' title='bbox 543 668 667 717; x_wconf 77' lang='lat' dir='ltr'>socios</span> <span class='ocrx_word' id='word_1_58' title='bbox 680 706 692 724; x_wconf 82' lang='lat'><strong>‚</strong></span> <span class='ocrx_word' id='word_1_59' title='bbox 712 671 752 717; x_wconf 67' lang='grc' dir='ltr'>δι</span> <span class='ocrx_word' id='word_1_60' title='bbox 768 686 863 717; x_wconf 87' lang='lat' dir='ltr'>terra</span> <span class='ocrx_word' id='word_1_61' title='bbox 880 670 1047 717; x_wconf 80' lang='lat' dir='ltr'>sublevat</span> <span class='ocrx_word' id='word_1_62' title='bbox 1064 670 1182 734; x_wconf 86' lang='lat' dir='ltr'>ipsum</span> <span class='ocrx_word' id='word_1_63' title='bbox 1198 706 1209 724; x_wconf 91' lang='lat'>,</span> 
     </span>
    </p>

    <p class='ocr_par' dir='ltr' id='par_1_7' title="bbox 307 744 1271 811">
     <span class='ocr_line' id='line_1_9' title="bbox 307 744 1271 811; baseline 0 -19"><span class='ocrx_word' id='word_1_64' title='bbox 307 746 496 811; x_wconf 76' lang='lat' dir='ltr'>Sanguine</span> <span class='ocrx_word' id='word_1_65' title='bbox 514 761 722 810; x_wconf 84' lang='lat' dir='ltr'>turpantem</span> <span class='ocrx_word' id='word_1_66' title='bbox 740 758 888 791; x_wconf 86' lang='lat' dir='ltr'>comtos</span> <span class='ocrx_word' id='word_1_67' title='bbox 912 744 958 790; x_wconf 90' lang='lat' dir='ltr'>de</span> <span class='ocrx_word' id='word_1_68' title='bbox 975 763 1081 791; x_wconf 83' lang='lat' dir='ltr'>more</span> <span class='ocrx_word' id='word_1_69' title='bbox 1099 744 1271 809; x_wconf 70' lang='lat' dir='ltr'>capillos,</span> 
     </span>
    </p>

    <p class='ocr_par' dir='ltr' id='par_1_8' title="bbox 306 815 1203 883">
     <span class='ocr_line' id='line_1_10' title="bbox 306 815 1203 883; baseline -0.002 -17"><span class='ocrx_word' id='word_1_70' title='bbox 306 825 451 866; x_wconf 77' lang='lat' dir='ltr'>Interea</span> <span class='ocrx_word' id='word_1_71' title='bbox 470 818 622 883; x_wconf 82' lang='lat' dir='ltr'>genitor</span> <span class='ocrx_word' id='word_1_72' title='bbox 638 815 809 864; x_wconf 87' lang='lat' dir='ltr'>Tiberini</span> <span class='ocrx_word' id='word_1_73' title='bbox 827 817 872 862; x_wconf 82' lang='lat' dir='ltr'>ad</span> <span class='ocrx_word' id='word_1_74' title='bbox 890 816 1052 863; x_wconf 82' lang='lat' dir='ltr'>fluminis</span> <span class='ocrx_word' id='word_1_75' title='bbox 1071 819 1203 864; x_wconf 87' lang='lat' dir='ltr'>undam</span> 
     </span>
    </p>

    <p class='ocr_par' dir='ltr' id='par_1_9' title="bbox 307 890 1256 956">
     <span class='ocr_line' id='line_1_11' title="bbox 307 890 1256 956; baseline -0.001 -17"><span class='ocrx_word' id='word_1_76' title='bbox 307 894 473 940; x_wconf 81' lang='lat' dir='ltr'>Volnera</span> <span class='ocrx_word' id='word_1_77' title='bbox 492 892 645 938; x_wconf 81' lang='lat' dir='ltr'>siccabat</span> <span class='ocrx_word' id='word_1_78' title='bbox 662 890 824 956; x_wconf 81' lang='lat' dir='ltr'><strong>lymphis</strong></span> <span class='ocrx_word' id='word_1_79' title='bbox 841 927 854 945; x_wconf 87' lang='lat'>‚</span> <span class='ocrx_word' id='word_1_80' title='bbox 877 891 1089 955; x_wconf 83' lang='lat' dir='ltr'>corpusque</span> <span class='ocrx_word' id='word_1_81' title='bbox 1109 892 1256 938; x_wconf 84' lang='lat' dir='ltr'>levabat</span> 
     </span>
    </p>

    <p class='ocr_par' dir='ltr' id='par_1_10' title="bbox 308 964 1586 1105">
     <span class='ocr_line' id='line_1_12' title="bbox 308 964 1586 1024; baseline -0.002 -10"><span class='ocrx_word' id='word_1_82' title='bbox 308 965 465 1014; x_wconf 81' lang='lat' dir='ltr'>Arboris</span> <span class='ocrx_word' id='word_1_83' title='bbox 482 964 631 1012; x_wconf 85' lang='lat' dir='ltr'>acclinis</span> <span class='ocrx_word' id='word_1_84' title='bbox 650 981 797 1012; x_wconf 86' lang='lat' dir='ltr'>trunco.</span> <span class='ocrx_word' id='word_1_85' title='bbox 817 965 954 1011; x_wconf 89' lang='lat' dir='ltr'>Procul</span> <span class='ocrx_word' id='word_1_86' title='bbox 975 984 1070 1011; x_wconf 84' lang='lat' dir='ltr'>aerea</span> <span class='ocrx_word' id='word_1_87' title='bbox 1093 965 1199 1017; x_wconf 83' lang='lat' dir='ltr'>ramis</span> <span class='ocrx_word' id='word_1_88' title='bbox 1456 969 1461 985; x_wconf 91' lang='lat'>&#39;</span> <span class='ocrx_word' id='word_1_89' title='bbox 1502 971 1586 1024; x_wconf 84' lang='lat'>835</span> 
     </span>
     <span class='ocr_line' id='line_1_13' title="bbox 308 1037 1335 1105; baseline -0.005 -18"><span class='ocrx_word' id='word_1_90' title='bbox 308 1040 510 1105; x_wconf 84' lang='lat' dir='ltr'>Dependet</span> <span class='ocrx_word' id='word_1_91' title='bbox 529 1039 632 1103; x_wconf 77' lang='lat' dir='ltr'>galea</span> <span class='ocrx_word' id='word_1_92' title='bbox 647 1074 658 1092; x_wconf 82' lang='lat'>‚</span> <span class='ocrx_word' id='word_1_93' title='bbox 678 1037 716 1084; x_wconf 68' lang='grc' dir='ltr'>ὃ(</span> <span class='ocrx_word' id='word_1_94' title='bbox 734 1052 840 1101; x_wconf 87' lang='lat' dir='ltr'>prato</span> <span class='ocrx_word' id='word_1_95' title='bbox 860 1038 990 1101; x_wconf 78' lang='lat' dir='ltr'>gravia.</span> <span class='ocrx_word' id='word_1_96' title='bbox 1009 1057 1104 1084; x_wconf 89' lang='lat' dir='ltr'>arma</span> <span class='ocrx_word' id='word_1_97' title='bbox 1130 1037 1335 1102; x_wconf 85' lang='lat' dir='ltr'>quiescunt.</span> 
     </span>
    </p>

    <p class='ocr_par' dir='ltr' id='par_1_11' title="bbox 308 1111 1307 1175">
     <span class='ocr_line' id='line_1_14' title="bbox 308 1111 1307 1175; baseline -0.004 -15"><span class='ocrx_word' id='word_1_98' title='bbox 308 1117 414 1160; x_wconf 84' lang='lat' dir='ltr'>Stant</span> <span class='ocrx_word' id='word_1_99' title='bbox 434 1114 519 1160; x_wconf 73' lang='lat' dir='ltr'>leffi</span> <span class='ocrx_word' id='word_1_100' title='bbox 535 1113 672 1159; x_wconf 85' lang='lat' dir='ltr'>circum</span> <span class='ocrx_word' id='word_1_101' title='bbox 692 1112 869 1175; x_wconf 78' lang='lat' dir='ltr'>juvenes:</span> <span class='ocrx_word' id='word_1_102' title='bbox 889 1111 967 1175; x_wconf 87' lang='lat' dir='ltr'>ipse</span> <span class='ocrx_word' id='word_1_103' title='bbox 987 1130 1113 1175; x_wconf 73' lang='lat' dir='ltr'>aeger,</span> <span class='ocrx_word' id='word_1_104' title='bbox 1132 1111 1307 1157; x_wconf 74' lang='lat' dir='ltr'>anhelans</span> 
     </span>
    </p>

    <p class='ocr_par' dir='ltr' id='par_1_12' title="bbox 311 1184 1341 1249">
     <span class='ocr_line' id='line_1_15' title="bbox 311 1184 1341 1249; baseline -0.004 -16"><span class='ocrx_word' id='word_1_105' title='bbox 311 1188 425 1234; x_wconf 89' lang='lat' dir='ltr'>Colla</span> <span class='ocrx_word' id='word_1_106' title='bbox 441 1187 545 1234; x_wconf 83' lang='lat' dir='ltr'>fovet</span> <span class='ocrx_word' id='word_1_107' title='bbox 561 1222 573 1241; x_wconf 71' lang='lat'>,</span> <span class='ocrx_word' id='word_1_108' title='bbox 591 1185 690 1232; x_wconf 82' lang='lat' dir='ltr'>fusus</span> <span class='ocrx_word' id='word_1_109' title='bbox 710 1203 914 1249; x_wconf 82' lang='lat' dir='ltr'>propexam</span> <span class='ocrx_word' id='word_1_110' title='bbox 937 1184 974 1230; x_wconf 91' lang='lat' dir='ltr'>in</span> <span class='ocrx_word' id='word_1_111' title='bbox 994 1185 1148 1248; x_wconf 61' lang='lat' dir='ltr'>pestore</span> <span class='ocrx_word' id='word_1_112' title='bbox 1165 1185 1312 1231; x_wconf 85' lang='lat' dir='ltr'>barbam</span> <span class='ocrx_word' id='word_1_113' title='bbox 1331 1204 1341 1228; x_wconf 80' lang='lat' dir='ltr'>t</span> 
     </span>
    </p>

    <p class='ocr_par' dir='ltr' id='par_1_13' title="bbox 309 1259 1308 1326">
     <span class='ocr_line' id='line_1_16' title="bbox 309 1259 1308 1326; baseline -0.005 -17"><span class='ocrx_word' id='word_1_114' title='bbox 309 1263 432 1309; x_wconf 89' lang='lat' dir='ltr'>Multa</span> <span class='ocrx_word' id='word_1_115' title='bbox 452 1261 560 1326; x_wconf 88' lang='lat' dir='ltr'>super</span> <span class='ocrx_word' id='word_1_116' title='bbox 576 1259 694 1307; x_wconf 82' lang='lat' dir='ltr'>Lauso</span> <span class='ocrx_word' id='word_1_117' title='bbox 720 1259 884 1321; x_wconf 72' lang='lat' dir='ltr'>rogitat,</span> <span class='ocrx_word' id='word_1_118' title='bbox 902 1259 1115 1323; x_wconf 86' lang='lat' dir='ltr'>multosque</span> <span class='ocrx_word' id='word_1_119' title='bbox 1134 1259 1308 1312; x_wconf 81' lang='lat' dir='ltr'>remittit,</span> 
     </span>
    </p>

    <p class='ocr_par' dir='ltr' id='par_1_14' title="bbox 310 1331 1594 1468">
     <span class='ocr_line' id='line_1_17' title="bbox 310 1331 1594 1397; baseline -0.003 -16"><span class='ocrx_word' id='word_1_120' title='bbox 310 1334 391 1397; x_wconf 82' lang='lat' dir='ltr'>Qui</span> <span class='ocrx_word' id='word_1_121' title='bbox 410 1348 621 1387; x_wconf 81' lang='lat' dir='ltr'>revocent,</span> <span class='ocrx_word' id='word_1_122' title='bbox 639 1331 833 1395; x_wconf 88' lang='lat' dir='ltr'>moestique</span> <span class='ocrx_word' id='word_1_123' title='bbox 851 1331 969 1379; x_wconf 85' lang='lat' dir='ltr'>ferant</span> <span class='ocrx_word' id='word_1_124' title='bbox 986 1332 1154 1378; x_wconf 85' lang='lat' dir='ltr'>mandata</span> <span class='ocrx_word' id='word_1_125' title='bbox 1170 1331 1344 1396; x_wconf 88' lang='lat' dir='ltr'>parentis.</span> <span class='ocrx_word' id='word_1_126' title='bbox 1498 1338 1528 1381; x_wconf 56' lang='lat'>⁴8</span> <span class='ocrx_word' id='word_1_127' title='bbox 1537 1349 1594 1387; x_wconf 81' lang='lat'>40</span> 
     </span>
     <span class='ocr_line' id='line_1_18' title="bbox 312 1403 1304 1468; baseline -0.005 -15"><span class='ocrx_word' id='word_1_128' title='bbox 312 1413 361 1453; x_wconf 87' lang='lat' dir='ltr'>At</span> <span class='ocrx_word' id='word_1_129' title='bbox 386 1405 538 1453; x_wconf 89' lang='lat' dir='ltr'>Lausum</span> <span class='ocrx_word' id='word_1_130' title='bbox 557 1404 650 1452; x_wconf 86' lang='lat' dir='ltr'>socii</span> <span class='ocrx_word' id='word_1_131' title='bbox 671 1404 873 1451; x_wconf 87' lang='lat' dir='ltr'>exanimem</span> <span class='ocrx_word' id='word_1_132' title='bbox 894 1404 1002 1468; x_wconf 85' lang='lat' dir='ltr'>super</span> <span class='ocrx_word' id='word_1_133' title='bbox 1021 1422 1118 1450; x_wconf 89' lang='lat' dir='ltr'>arma</span> <span class='ocrx_word' id='word_1_134' title='bbox 1135 1403 1304 1449; x_wconf 83' lang='lat' dir='ltr'>ferebant</span> 
     </span>
    </p>

    <p class='ocr_par' dir='ltr' id='par_1_15' title="bbox 310 1475 1361 1540">
     <span class='ocr_line' id='line_1_19' title="bbox 310 1475 1361 1540; baseline -0.004 -15"><span class='ocrx_word' id='word_1_135' title='bbox 310 1479 458 1526; x_wconf 87' lang='lat' dir='ltr'>Flentes</span> <span class='ocrx_word' id='word_1_136' title='bbox 470 1514 482 1533; x_wconf 88' lang='lat'>,</span> <span class='ocrx_word' id='word_1_137' title='bbox 501 1477 691 1540; x_wconf 83' lang='lat' dir='ltr'>ingentem</span> <span class='ocrx_word' id='word_1_138' title='bbox 707 1511 718 1529; x_wconf 82' lang='lat'>.,</span> <span class='ocrx_word' id='word_1_139' title='bbox 739 1491 851 1538; x_wconf 85' lang='lat' dir='ltr'>atque</span> <span class='ocrx_word' id='word_1_140' title='bbox 869 1475 1014 1538; x_wconf 80' lang='lat' dir='ltr'>ingenti</span> <span class='ocrx_word' id='word_1_141' title='bbox 1033 1476 1193 1524; x_wconf 85' lang='lat' dir='ltr'>volnere</span> <span class='ocrx_word' id='word_1_142' title='bbox 1211 1475 1361 1521; x_wconf 68' lang='lat' dir='ltr'>vistum.</span> 
     </span>
    </p>

    <p class='ocr_par' dir='ltr' id='par_1_16' title="bbox 312 1548 1238 1616">
     <span class='ocr_line' id='line_1_20' title="bbox 312 1548 1238 1616; baseline -0.005 -17"><span class='ocrx_word' id='word_1_143' title='bbox 312 1551 485 1616; x_wconf 76' lang='lat' dir='ltr'>Agnovit</span> <span class='ocrx_word' id='word_1_144' title='bbox 500 1551 618 1613; x_wconf 79' lang='lat' dir='ltr'>longe</span> <span class='ocrx_word' id='word_1_145' title='bbox 639 1548 815 1613; x_wconf 75' lang='lat' dir='ltr'>gemitum</span> <span class='ocrx_word' id='word_1_146' title='bbox 835 1548 997 1612; x_wconf 80' lang='lat' dir='ltr'>praesaga</span> <span class='ocrx_word' id='word_1_147' title='bbox 1015 1548 1100 1594; x_wconf 89' lang='lat' dir='ltr'>mali</span> <span class='ocrx_word' id='word_1_148' title='bbox 1123 1567 1238 1594; x_wconf 88' lang='lat' dir='ltr'>mens.</span> 
     </span>
    </p>

    <p class='ocr_par' dir='ltr' id='par_1_17' title="bbox 311 1619 1237 1684">
     <span class='ocr_line' id='line_1_21' title="bbox 311 1619 1237 1684; baseline -0.006 -13"><span class='ocrx_word' id='word_1_149' title='bbox 311 1624 496 1671; x_wconf 88' lang='lat' dir='ltr'>Canitiem</span> <span class='ocrx_word' id='word_1_150' title='bbox 514 1623 632 1668; x_wconf 91' lang='lat' dir='ltr'>multo</span> <span class='ocrx_word' id='word_1_151' title='bbox 652 1620 834 1667; x_wconf 83' lang='lat' dir='ltr'>deformat</span> <span class='ocrx_word' id='word_1_152' title='bbox 852 1620 1008 1684; x_wconf 87' lang='lat' dir='ltr'>pulvere</span> <span class='ocrx_word' id='word_1_153' title='bbox 1023 1655 1035 1673; x_wconf 80' lang='lat'>,</span> <span class='ocrx_word' id='word_1_154' title='bbox 1056 1619 1095 1666; x_wconf 68' lang='grc' dir='ltr'>ἃ</span> <span class='ocrx_word' id='word_1_155' title='bbox 1116 1621 1237 1666; x_wconf 86' lang='lat' dir='ltr'>ambas</span> 
     </span>
    </p>

    <p class='ocr_par' dir='ltr' id='par_1_18' title="bbox 313 1692 1590 1831">
     <span class='ocr_line' id='line_1_22' title="bbox 314 1692 1590 1757; baseline -0.003 -13"><span class='ocrx_word' id='word_1_156' title='bbox 314 1698 373 1744; x_wconf 79' lang='lat' dir='ltr'>Ad</span> <span class='ocrx_word' id='word_1_157' title='bbox 392 1697 530 1743; x_wconf 87' lang='lat' dir='ltr'>coelum</span> <span class='ocrx_word' id='word_1_158' title='bbox 549 1694 667 1741; x_wconf 88' lang='lat' dir='ltr'>tendit</span> <span class='ocrx_word' id='word_1_159' title='bbox 684 1694 819 1757; x_wconf 86' lang='lat' dir='ltr'>palmas</span> <span class='ocrx_word' id='word_1_160' title='bbox 838 1728 850 1747; x_wconf 80' lang='lat'>‚</span> <span class='ocrx_word' id='word_1_161' title='bbox 875 1693 914 1739; x_wconf 65' lang='grc' dir='ltr'>ὅ(</span> <span class='ocrx_word' id='word_1_162' title='bbox 933 1711 1096 1757; x_wconf 85' lang='lat' dir='ltr'>corpore</span> <span class='ocrx_word' id='word_1_163' title='bbox 1118 1692 1284 1739; x_wconf 83' lang='lat' dir='ltr'>inhaeret.</span> <span class='ocrx_word' id='word_1_164' title='bbox 1505 1698 1590 1752; x_wconf 76' lang='lat'>845</span> 
     </span>
     <span class='ocr_line' id='line_1_23' title="bbox 313 1765 1241 1831; baseline -0.004 -14"><span class='ocrx_word' id='word_1_165' title='bbox 313 1774 480 1817; x_wconf 86' lang='lat' dir='ltr'>Tantane</span> <span class='ocrx_word' id='word_1_166' title='bbox 503 1787 562 1815; x_wconf 88' lang='lat' dir='ltr'>me</span> <span class='ocrx_word' id='word_1_167' title='bbox 579 1767 700 1816; x_wconf 90' lang='lat' dir='ltr'>tenuit</span> <span class='ocrx_word' id='word_1_168' title='bbox 715 1765 868 1814; x_wconf 89' lang='lat' dir='ltr'>vivendi</span> <span class='ocrx_word' id='word_1_169' title='bbox 886 1804 897 1822; x_wconf 89' lang='lat'>‚</span> <span class='ocrx_word' id='word_1_170' title='bbox 916 1783 1021 1823; x_wconf 74' lang='lat' dir='ltr'>nate,</span> <span class='ocrx_word' id='word_1_171' title='bbox 1039 1767 1214 1831; x_wconf 88' lang='lat' dir='ltr'>voluptas</span> <span class='ocrx_word' id='word_1_172' title='bbox 1228 1804 1241 1823; x_wconf 85' lang='lat'>.,</span> 
     </span>
    </p>

    <p class='ocr_par' dir='ltr' id='par_1_19' title="bbox 315 1838 1424 1910">
     <span class='ocr_line' id='line_1_24' title="bbox 315 1838 1424 1910; baseline -0.011 -17"><span class='ocrx_word' id='word_1_173' title='bbox 315 1849 368 1892; x_wconf 90' lang='lat' dir='ltr'>Ut</span> <span class='ocrx_word' id='word_1_174' title='bbox 389 1864 459 1910; x_wconf 90' lang='lat' dir='ltr'>pro</span> <span class='ocrx_word' id='word_1_175' title='bbox 476 1861 536 1891; x_wconf 88' lang='lat' dir='ltr'>me</span> <span class='ocrx_word' id='word_1_176' title='bbox 556 1842 680 1890; x_wconf 88' lang='lat' dir='ltr'>hostili</span> <span class='ocrx_word' id='word_1_177' title='bbox 700 1857 845 1906; x_wconf 85' lang='lat' dir='ltr'>paterer</span> <span class='ocrx_word' id='word_1_178' title='bbox 868 1840 1066 1886; x_wconf 87' lang='lat' dir='ltr'>succedere</span> <span class='ocrx_word' id='word_1_179' title='bbox 1087 1838 1226 1884; x_wconf 82' lang='lat' dir='ltr'>dextrae</span> <span class='ocrx_word' id='word_1_180' title='bbox 1244 1872 1256 1892; x_wconf 84' lang='lat'><em>‚</em></span> <span class='ocrx_word' id='word_1_181' title='bbox 1418 1876 1424 1899; x_wconf 39' lang='grc' dir='ltr'>ι</span> 
     </span>
    </p>

    <p class='ocr_par' dir='ltr' id='par_1_20' title="bbox 317 1908 1449 2041">
     <span class='ocr_line' id='line_1_25' title="bbox 318 1908 1449 1981; baseline -0.008 -16"><span class='ocrx_word' id='word_1_182' title='bbox 318 1922 444 1979; x_wconf 82' lang='lat' dir='ltr'>Quem</span> <span class='ocrx_word' id='word_1_183' title='bbox 467 1916 603 1981; x_wconf 78' lang='lat' dir='ltr'>genui?</span> <span class='ocrx_word' id='word_1_184' title='bbox 620 1919 748 1979; x_wconf 62' lang='lat' dir='ltr'>Tuane</span> <span class='ocrx_word' id='word_1_185' title='bbox 767 1913 847 1959; x_wconf 78' lang='lat' dir='ltr'>haec</span> <span class='ocrx_word' id='word_1_186' title='bbox 869 1911 1021 1976; x_wconf 81' lang='lat' dir='ltr'>genitor</span> <span class='ocrx_word' id='word_1_187' title='bbox 1036 1929 1103 1975; x_wconf 88' lang='lat' dir='ltr'>per</span> <span class='ocrx_word' id='word_1_188' title='bbox 1120 1910 1279 1957; x_wconf 88' lang='lat' dir='ltr'>volnera</span> <span class='ocrx_word' id='word_1_189' title='bbox 1296 1908 1449 1964; x_wconf 81' lang='lat' dir='ltr'>servor,</span> 
     </span>
     <span class='ocr_line' id='line_1_26' title="bbox 317 1984 1372 2041; baseline -0.01 -1"><span class='ocrx_word' id='word_1_190' title='bbox 317 1995 451 2040; x_wconf 87' lang='lat' dir='ltr'>Morte</span> <span class='ocrx_word' id='word_1_191' title='bbox 471 2007 530 2037; x_wconf 91' lang='lat' dir='ltr'>tua</span> <span class='ocrx_word' id='word_1_192' title='bbox 546 1990 704 2036; x_wconf 80' lang='lat' dir='ltr'>vivens?</span> <span class='ocrx_word' id='word_1_193' title='bbox 726 1992 830 2041; x_wconf 67' lang='lat' dir='ltr'>Heu,</span> <span class='ocrx_word' id='word_1_194' title='bbox 849 2005 947 2037; x_wconf 87' lang='lat' dir='ltr'>nunc</span> <span class='ocrx_word' id='word_1_195' title='bbox 964 1985 1099 2031; x_wconf 87' lang='lat' dir='ltr'>misero</span> <span class='ocrx_word' id='word_1_196' title='bbox 1117 1984 1206 2031; x_wconf 87' lang='lat' dir='ltr'>mihi</span> <span class='ocrx_word' id='word_1_197' title='bbox 1225 1984 1372 2030; x_wconf 89' lang='lat' dir='ltr'>demum</span> 
     </span>
    </p>

    <p class='ocr_par' dir='ltr' id='par_1_21' title="bbox 319 2057 1597 2203">
     <span class='ocr_line' id='line_1_27' title="bbox 319 2057 1597 2119; baseline -0.012 -7"><span class='ocrx_word' id='word_1_198' title='bbox 319 2065 493 2113; x_wconf 80' lang='lat' dir='ltr'>Exsilium</span> <span class='ocrx_word' id='word_1_199' title='bbox 514 2063 663 2110; x_wconf 83' lang='lat' dir='ltr'>infelix!</span> <span class='ocrx_word' id='word_1_200' title='bbox 684 2080 783 2109; x_wconf 90' lang='lat' dir='ltr'>nunc</span> <span class='ocrx_word' id='word_1_201' title='bbox 805 2061 877 2106; x_wconf 86' lang='lat' dir='ltr'>alte</span> <span class='ocrx_word' id='word_1_202' title='bbox 898 2060 1035 2106; x_wconf 90' lang='lat' dir='ltr'>volnus</span> <span class='ocrx_word' id='word_1_203' title='bbox 1055 2057 1220 2104; x_wconf 58' lang='lat' dir='ltr'>adaelum</span> <span class='ocrx_word' id='word_1_204' title='bbox 1239 2062 1249 2101; x_wconf 71' lang='lat' dir='ltr'>t</span> <span class='ocrx_word' id='word_1_205' title='bbox 1467 2116 1470 2119; x_wconf 9' lang='grc' dir='ltr'><strong><em>ἡ</em></strong></span> <span class='ocrx_word' id='word_1_206' title='bbox 1508 2062 1597 2115; x_wconf 74' lang='lat'>850</span> 
     </span>
     <span class='ocr_line' id='line_1_28' title="bbox 320 2130 1348 2203; baseline -0.014 -16"><span class='ocrx_word' id='word_1_207' title='bbox 320 2141 422 2187; x_wconf 90' lang='lat' dir='ltr'>Idem</span> <span class='ocrx_word' id='word_1_208' title='bbox 440 2156 515 2203; x_wconf 78' lang='lat' dir='ltr'>ego</span> <span class='ocrx_word' id='word_1_209' title='bbox 531 2174 543 2192; x_wconf 83' lang='lat'>.,</span> <span class='ocrx_word' id='word_1_210' title='bbox 562 2153 646 2184; x_wconf 88' lang='lat' dir='ltr'>nate</span> <span class='ocrx_word' id='word_1_211' title='bbox 659 2175 671 2193; x_wconf 82' lang='lat'>‚</span> <span class='ocrx_word' id='word_1_212' title='bbox 690 2152 792 2183; x_wconf 85' lang='lat' dir='ltr'>tuum</span> <span class='ocrx_word' id='word_1_213' title='bbox 811 2132 992 2180; x_wconf 88' lang='lat' dir='ltr'>maculavi</span> <span class='ocrx_word' id='word_1_214' title='bbox 1013 2130 1162 2177; x_wconf 88' lang='lat' dir='ltr'>crimine</span> <span class='ocrx_word' id='word_1_215' title='bbox 1182 2146 1317 2181; x_wconf 88' lang='lat' dir='ltr'>nomen</span> <span class='ocrx_word' id='word_1_216' title='bbox 1334 2163 1348 2182; x_wconf 87' lang='lat'>‚</span> 
     </span>
    </p>

    <p class='ocr_par' dir='ltr' id='par_1_22' title="bbox 322 2202 1257 2271">
     <span class='ocr_line' id='line_1_29' title="bbox 322 2202 1257 2271; baseline -0.012 -12"><span class='ocrx_word' id='word_1_217' title='bbox 322 2213 448 2260; x_wconf 87' lang='lat' dir='ltr'>Pulsus</span> <span class='ocrx_word' id='word_1_218' title='bbox 466 2213 517 2259; x_wconf 90' lang='lat' dir='ltr'>ob</span> <span class='ocrx_word' id='word_1_219' title='bbox 536 2211 711 2257; x_wconf 88' lang='lat' dir='ltr'>invidiam</span> <span class='ocrx_word' id='word_1_220' title='bbox 727 2210 824 2257; x_wconf 91' lang='lat' dir='ltr'>solio</span> <span class='ocrx_word' id='word_1_221' title='bbox 843 2207 1068 2271; x_wconf 85' lang='lat' dir='ltr'>sceptrisque</span> <span class='ocrx_word' id='word_1_222' title='bbox 1086 2202 1257 2270; x_wconf 88' lang='lat' dir='ltr'>paternis.</span> 
     </span>
    </p>

    <p class='ocr_par' dir='ltr' id='par_1_23' title="bbox 322 2280 1235 2348">
     <span class='ocr_line' id='line_1_30' title="bbox 322 2280 1235 2348; baseline -0.011 -16"><span class='ocrx_word' id='word_1_223' title='bbox 322 2287 533 2332; x_wconf 86' lang='lat' dir='ltr'>Debueram</span> <span class='ocrx_word' id='word_1_224' title='bbox 553 2283 680 2348; x_wconf 86' lang='lat' dir='ltr'>patriae</span> <span class='ocrx_word' id='word_1_225' title='bbox 697 2301 823 2347; x_wconf 86' lang='lat' dir='ltr'>poenas</span> <span class='ocrx_word' id='word_1_226' title='bbox 846 2280 1017 2343; x_wconf 82' lang='lat' dir='ltr'>odiisque</span> <span class='ocrx_word' id='word_1_227' title='bbox 1037 2292 1206 2325; x_wconf 87' lang='lat' dir='ltr'>meorum</span> <span class='ocrx_word' id='word_1_228' title='bbox 1227 2297 1235 2322; x_wconf 72' lang='grc' dir='ltr'><strong><em>ε</em></strong></span> 
     </span>
    </p>

    <p class='ocr_par' dir='ltr' id='par_1_24' title="bbox 325 2349 1703 2492">
     <span class='ocr_line' id='line_1_31' title="bbox 325 2349 1703 2422; baseline -0.009 -18"><span class='ocrx_word' id='word_1_229' title='bbox 325 2358 456 2404; x_wconf 83' lang='lat' dir='ltr'>Omnis</span> <span class='ocrx_word' id='word_1_230' title='bbox 474 2375 542 2422; x_wconf 87' lang='lat' dir='ltr'>per</span> <span class='ocrx_word' id='word_1_231' title='bbox 557 2371 695 2402; x_wconf 84' lang='lat' dir='ltr'>mortes</span> <span class='ocrx_word' id='word_1_232' title='bbox 711 2355 864 2401; x_wconf 87' lang='lat' dir='ltr'>animam</span> <span class='ocrx_word' id='word_1_233' title='bbox 883 2353 1026 2399; x_wconf 87' lang='lat' dir='ltr'>sontem</span> <span class='ocrx_word' id='word_1_234' title='bbox 1043 2351 1121 2415; x_wconf 88' lang='lat' dir='ltr'>ipse</span> <span class='ocrx_word' id='word_1_235' title='bbox 1142 2349 1328 2396; x_wconf 81' lang='lat' dir='ltr'>dediffem.</span> <span class='ocrx_word' id='word_1_236' title='bbox 1699 2403 1703 2412; x_wconf 20' lang='lat' dir='ltr'>x</span> 
     </span>
     <span class='ocr_line' id='line_1_32' title="bbox 326 2421 1701 2492; baseline -0.008 -16"><span class='ocrx_word' id='word_1_237' title='bbox 326 2432 436 2476; x_wconf 87' lang='lat' dir='ltr'>Nunc</span> <span class='ocrx_word' id='word_1_238' title='bbox 453 2430 568 2478; x_wconf 85' lang='lat' dir='ltr'>vivo:</span> <span class='ocrx_word' id='word_1_239' title='bbox 587 2446 707 2492; x_wconf 87' lang='lat' dir='ltr'>neque</span> <span class='ocrx_word' id='word_1_240' title='bbox 727 2427 846 2474; x_wconf 89' lang='lat' dir='ltr'>adhuc</span> <span class='ocrx_word' id='word_1_241' title='bbox 862 2425 1029 2473; x_wconf 86' lang='lat' dir='ltr'>homines</span> <span class='ocrx_word' id='word_1_242' title='bbox 1048 2424 1245 2486; x_wconf 87' lang='lat' dir='ltr'>lucemque</span> <span class='ocrx_word' id='word_1_243' title='bbox 1263 2421 1450 2486; x_wconf 86' lang='lat' dir='ltr'>relinquo.</span> <span class='ocrx_word' id='word_1_244' title='bbox 1507 2427 1593 2483; x_wconf 82' lang='lat'>855</span> <span class='ocrx_word' id='word_1_245' title='bbox 1647 2463 1649 2465; x_wconf 84' lang='grc'><em>,</em></span> <span class='ocrx_word' id='word_1_246' title='bbox 1698 2436 1701 2441; x_wconf 62' lang='grc'>·’</span> 
     </span>
    </p>
   </div>
   <div class='ocr_carea' id='block_1_3' title="bbox 1657 2071 1715 3028">
    <p class='ocr_par' dir='ltr' id='par_1_25' title="bbox 1657 2071 1715 3028">
     <span class='ocr_line' id='line_1_33' title="bbox 1657 2071 1715 3028; baseline 0 0"><span class='ocrx_word' id='word_1_247' title='bbox 1657 2071 1715 3028; x_wconf 95' lang='lat' dir='ltr'> </span> 
     </span>
    </p>
   </div>
  </div>
 </body>
</html>
