1715 3028
321 139 413 202 ῃε
653 140 705 184 R
777 136 1332 197 VIRGJLJJ‘

319 246 532 293 Volcanum
550 243 780 307 alloquitur,
799 243 1039 307 thalamoque
1063 243 1145 289 haec
1165 243 1339 310 conjugis
1355 259 1472 294 aureo

319 320 482 384 Incipit
505 319 544 366 ἃ
561 317 666 364 diffis
684 317 852 364 divinum
870 318 1031 383 adspirat
1050 337 1241 366 amorem:

321 396 421 440 Dum
441 393 545 438 bello
565 391 740 456 Argolici
757 391 944 438 vastabant
964 395 1141 457 Pergama
1160 410 1270 457 reges

319 466 456 514 Debita
476 464 721 529 casurasque
715 464 871 512 mimicis
896 465 1046 530 ignibus
1064 484 1188 513 arces·
1180 503 1194 522 ,
1524 468 1612 528 375

319 544 412 588 Non
429 541 546 586 ullum
565 540 741 586 auxilium
759 540 927 596 miseris,
946 560 1025 588 non
1045 560 1142 588 arma
1161 541 1296 606 rogavi

319 615 421 663 Artis
441 616 713 680 opisquessuae:
734 634 802 662 nec
823 632 860 662 te
875 654 888 671 .,
908 616 1082 663 cariffime
1104 617 1244 680 conjux
1262 651 1276 671 ‚

319 690 546 738 Incaffumve
564 707 649 737 tuos
670 689 778 737 volui
799 709 975 737 exercere
995 691 1143 738 labores
1163 713 1172 737 :

321 765 507 826 Quamvis
529 765 569 812 δε
585 764 717 811 Priami
737 765 914 812 deberem
934 767 1091 830 plurima
1112 765 1205 812 natis
1219 802 1233 821 ‚
1284 798 1287 801 s

323 842 370 886 Et
385 840 518 885 durum
535 842 665 885 AEneae
685 838 866 885 fieviffem
886 839 983 903 saepe
1001 841 1182 886 laborem.
1532 846 1621 900 380

322 916 434 978 Nunc
452 913 555 960 Jovis
574 912 738 977 imperiis
756 914 981 960 Rutulorum
1002 915 1167 961 constitit
1190 914 1278 961 oris.

324 992 428 1054 Ergo
451 989 582 1035 eadem
600 988 753 1053 supplex
771 987 886 1035 venio
903 1023 915 1043 ‚
934 989 975 1035 ὅ(
995 988 1157 1035 sanctum
1177 988 1267 1035 mihi
1287 1006 1425 1035 numen

323 1066 435 1109 Arma
453 1080 553 1127 rogo
569 1098 582 1115 ‚
602 1061 773 1126 genetrix
794 1077 892 1108 nato.
918 1065 975 1108 Te
999 1062 1075 1107 filia
1092 1060 1236 1116 Nerei,

322 1141 380 1184 Te
399 1138 523 1201 potuit
543 1136 702 1182 lacrimis
720 1135 901 1182 Tithonia
918 1136 1070 1182 flectere
1089 1135 1241 1198 conjux.

326 1210 490 1274 Adspice
503 1245 515 1264 ‚
532 1207 596 1273 qui
615 1223 749 1255 coeant
767 1208 902 1273 populi
922 1246 935 1263 .,
961 1227 1045 1272 quae
1063 1208 1199 1254 moenia
1221 1207 1348 1254 claufis
1534 1213 1618 1268 385

326 1287 479 1329 Ferrum
497 1298 628 1328 acuant
650 1281 769 1346 portis
790 1282 828 1328 in
849 1301 909 1329 me
930 1280 1192 1346 excidiumque
1210 1299 1395 1329 meorum.

326 1358 507 1404 Dixerat:
531 1356 571 1404 ἃ
593 1356 709 1404 niveis
730 1356 817 1402 hinc
839 1372 950 1420 atque
970 1357 1054 1403 hinc
1071 1356 1337 1408 Divaslacertis

329 1429 577 1476 Cunctantem
597 1427 769 1492 amplexu
789 1427 898 1474 molli
915 1427 1034 1474 fovet.
1054 1427 1122 1473 Ille
1139 1443 1298 1491 repente

327 1501 489 1566 Accepit
507 1501 653 1547 solitam
672 1501 880 1546 flammam:
902 1500 1090 1562 notusque
1109 1499 1288 1545 medullas

326 1574 484 1623 Intravit
501 1575 606 1620 calor
620 1609 633 1627 .,
653 1573 694 1619 ἃ
710 1572 890 1619 Ιᾶῦείεᾶᾶ
907 1591 975 1636 per
997 1573 1071 1620 offa
1091 1573 1263 1619 cucurrit.
1532 1590 1623 1633 390

326 1653 419 1711 Non
445 1647 547 1694 secus
565 1661 674 1710 atque
697 1645 790 1693 olim
806 1681 819 1700 ,
838 1644 981 1692 tonitru
999 1663 1082 1692 cum
1100 1661 1205 1709 rupta
1222 1645 1383 1693 corusco

329 1726 444 1785 Ignea
461 1720 549 1766 rima
569 1718 706 1764 micans
726 1719 908 1782 percurrit
928 1718 1068 1765 lumine
1088 1718 1248 1766 nimbos,

329 1793 447 1841 Senfit
465 1794 550 1839 laeta
568 1792 666 1839 dolis
680 1828 692 1847 ‚
719 1793 758 1839 84
777 1793 908 1839 formae
929 1792 1080 1839 conscia
1098 1793 1246 1857 conqu.

329 1870 429 1914 Tum
449 1885 553 1932 pater
570 1883 712 1914 aeterno
733 1868 826 1913 fatur
846 1866 1041 1914 devinctus
1061 1886 1188 1914 amore
1206 1888 1215 1913 :

332 1942 438 2004 Quid
455 1943 574 1988 causas
592 1942 688 2006 petis
707 1961 751 1988 ex
768 1942 846 1988 alto
863 1949 875 1988 ?
897 1941 1031 1988 fiducia
1050 1941 1149 1988 cellit
1537 1952 1622 2002 3‘95

332 2022 426 2079 Quo
447 2016 514 2064 tibi
530 2053 542 2072 ‚
559 2018 656 2064 Diva
670 2055 682 2073 ,
700 2017 800 2063 mei?
820 2016 943 2063 fimilis
959 2016 988 2076 ‘fi
1012 2035 1097 2063 cura
1119 2015 1267 2070 fuisset,

332 2092 430 2136 Tum
452 2108 608 2153 quoque
625 2090 677 2136 fas
697 2090 804 2136 nobis
823 2093 994 2136 Teucros
1013 2108 1153 2136 armare
1170 2089 1290 2135 fuisset
1307 2108 1320 2143 ;

333 2166 418 2210 Nec
445 2167 552 2210 Pater
579 2162 825 2226 omnipotens
848 2161 1204 2226 T1⁴ojatit‚11ecfata
1223 2160 1402 2208 vetabant

334 2241 438 2284 Stare
453 2273 465 2292 ‚
483 2238 692 2300 decemque
711 2236 806 2283 alios
827 2236 1008 2292 Priamum
1028 2236 1210 2301 supereffe
1233 2254 1300 2300 per
1318 2253 1450 2283 annos.

336 2312 381 2355 Et
402 2328 498 2356 nunc
512 2346 524 2363 ,
544 2308 569 2355 fi
588 2306 731 2355 bellare
749 2327 851 2372 paras
868 2344 879 2362 ‚
899 2325 1008 2373 atque
1030 2309 1109 2355 haec
1126 2308 1192 2354 tibi
1211 2326 1313 2355 mens
1335 2308 1409 2363 est·,
1534 2327 1627 2365 400

338 2382 536 2446 Quidquid
555 2382 592 2428 in
612 2398 689 2429 arte
707 2401 788 2428 mea
809 2382 954 2446 poffum
976 2380 1196 2446 promittere
1215 2400 1312 2428 cnrae
1326 2419 1340 2437 ‚

340 2456 458 2515 Quod
479 2455 559 2502 fieri
579 2455 680 2504 ferro
698 2493 710 2512 a
730 2455 927 2520 liquidove
947 2454 1069 2520 potest
1089 2455 1229 2502 elestro
1249 2491 1263 2510 ‚
