1715 3028
290 150 719 201 AENEIDOS
751 143 900 200 1213.
939 147 1069 199 VH.
1235 165 1331 216 3¹7

26 258 109 325 Qui
125 258 233 309 bello
258 258 368 308 exciti
390 279 498 326 reges
511 295 523 316 ‚
543 279 627 325 quae
647 279 833 325 quemque
854 259 990 331 secutae

28 334 271 400 Complerint
290 352 439 398 campos
458 333 555 381 acies
571 355 582 389 ;
600 333 732 398 quibus
748 333 835 380 Itala
853 335 926 398 jam
945 350 1022 381 tum

31 407 222 455 floruerit
238 423 333 454 terra
352 408 446 454 alma
463 407 552 454 viris
567 443 580 462 ‚
605 407 737 472 quibus
762 406 890 453 arserit
914 407 1036 454 armis.

33 480 81 528 Et
100 477 316 528 meministis
334 481 435 528 enim
448 517 461 536 ‚
479 481 589 527 Divae
605 518 617 537 ‚
638 480 678 527 ὅ(
699 497 906 526 memorare
924 479 1102 545 potestis:
1238 483 1328 540 645

34 558 94 606 Ad
113 576 181 605 nos
198 558 260 604 vix
279 557 397 604 tenuis
417 552 522 603 famae
544 555 749 621 perlabitur
767 575 864 602 aura.

112 631 252 683 Primus
269 631 339 677 init
357 631 500 677 bellum
515 624 721 694 Tyrrhenis
738 631 845 694 asper
863 629 908 676 ab
930 629 1005 677 oris

39 710 270 754 Contemtor
291 706 431 753 Divum
448 704 663 751 Mezentius
679 740 691 759 ‚
712 706 934 769 agminaque
954 721 1080 753 armat„
1141 764 1146 766 μ

38 778 153 826 Filius
171 779 257 826 huic
276 779 376 842 juxta
398 777 533 824 Lausus
546 814 558 831 ‚
579 796 658 841 quo
679 776 875 842 pulchrior
897 779 992 826 alter

41 856 132 900 Non
156 853 249 908 fuit,
269 867 430 916 excepto
449 850 638 898 Laurentis
658 870 824 917 corpore
848 852 980 899 Turni.
1244 859 1339 915 650

44 926 178 973 Lausus
193 963 206 984 ‚
226 930 363 990 equum
384 925 553 973 domitor
567 962 579 981 ‚
598 922 885 990 debellatorque
907 927 1065 973 ferarum
1081 960 1095 982 2

47 998 163 1048 Ducit
184 1001 364 1066 Agyllina
387 988 640 1064 nequidquam
660 1019 705 1046 ex
724 1000 815 1046 urbe
835 998 984 1047 secutos

50 1074 162 1122 Mille
182 1074 311 1129 viros·,
331 1073 465 1138 dignus
483 1110 496 1128 .‚
519 1072 646 1138 patriis
667 1073 731 1137 qui
751 1074 875 1121 laetior
896 1074 985 1122 effet

53 1147 222 1212 Imperiis
238 1183 250 1201 ‚
275 1147 316 1194 Sc
333 1147 393 1193 cui
414 1162 518 1212 pater
536 1145 633 1194 haud
651 1147 866 1194 Mezentius
886 1147 987 1195 effer.

119 1222 205 1270 Post
228 1223 298 1269 hos
319 1217 502 1286 insignem
521 1223 640 1287 palma
660 1241 728 1287 per
748 1221 910 1287 gramina
930 1239 1075 1268 currum
1090 1256 1104 1276 2,
1254 1226 1344 1283 655

53 1295 303 1359 Vistoresque
322 1295 481 1342 ostentat
499 1313 640 1359 equoS‚
662 1295 754 1341 satus
776 1293 940 1341 Hercule
962 1293 1122 1359 pulchro

55 1367 214 1416 Pulcher
234 1366 465 1414 Aventinus:
486 1367 690 1432 clipeoque
708 1366 850 1432 infigne
868 1381 1059 1432 paternum

59 1443 222 1487 Centum
242 1458 382 1504 angues
397 1475 409 1493 .,
434 1437 664 1503 cinelamque
684 1440 781 1501 gerit
797 1438 1032 1504 serpentibus
1049 1439 1213 1505 Hydram
1230 1461 1241 1486 :

8 1568 10 1571 ‚
61 1509 185 1559 Collis
211 1510 392 1558 Aventini
417 1510 508 1556 {ilva
532 1529 642 1574 quem
662 1511 765 1558 Rhea
783 1512 956 1559 sacerdos

60 1585 252 1634 Furtivutn
271 1599 377 1649 partu
401 1581 465 1631 sub
488 1582 637 1631 luminis
655 1584 774 1631 edidit
791 1604 874 1632 oras
889 1621 902 1640 ‚
1085 1644 1087 1646 v
1264 1591 1359 1633 660

64 1658 186 1706 Mixta
204 1660 291 1704 Deo
312 1658 446 1704 mulier
462 1693 474 1713 ‚
494 1658 686 1722 postquam
708 1658 901 1705 Laurentia
919 1657 1068 1714 viftorw

69 1734 255 1795 Geryone
274 1729 456 1777 exstineto
475 1764 488 1784 ,
511 1731 732 1794 Tirynthius
751 1732 874 1795 attigit
893 1751 1004 1787 arva,

68 1803 348 1870 Tyrrhenoque
368 1803 489 1850 boves
510 1801 545 1850 in
562 1801 715 1851 flumine
735 1803 825 1850 lavit
843 1805 976 1852 lberas.

71 1878 150 1926 Pila
167 1896 277 1925 manu
295 1876 491 1942 saevosque
510 1893 644 1942 gerunt
665 1877 701 1924 in
718 1878 818 1924 bella
838 1879 1026 1925 dolonese

75 1954 122 1999 Et
141 1949 251 1999 tereti
271 1968 439 2016 pugnant
461 1970 643 1998 mucrone
660 1971 827 2016 veruque
843 1951 1009 1999 Sabello.
1274 1957 1335 2000 66
1345 1970 1364 2013 5

77 2026 161 2091 Ipse
183 2026 297 2089 pedes
315 2043 493 2089 tegumen
513 2041 690 2090 torquens
707 2026 866 2074 immane
882 2027 1006 2074 leonis
1019 2060 1033 2081 ‚

17 2116 20 2118 “
79 2100 257 2148 Terribili
284 2100 471 2166 impexum
492 2099 575 2147 saeta
591 2136 603 2153 ,
629 2119 711 2147 cum
733 2101 903 2148 dentibus
921 2101 1013 2148 albis

80 2175 229 2222 Indutus
250 2173 389 2239 capiti,
411 2172 460 2220 fic
477 2172 579 2238 regia
600 2174 694 2220 tetta
715 2172 858 2221 subibat

83 2247 266 2294 Horridus
280 2282 293 2300 ,
313 2248 580 2310 Herculeoque
601 2246 775 2294 humeros
795 2247 950 2294 innexus
967 2246 1117 2297 amittu,

152 2324 249 2367 Tum
270 2320 406 2382 gemini
425 2321 553 2368 fratres
568 2321 737 2368 Tiburtia
754 2320 892 2367 moenia
909 2321 1085 2385 linquunt
1095 2343 1110 2376 3
1282 2328 1374 2381 67o

90 2393 222 2441 Fratris
239 2393 384 2440 Tiburti
403 2394 535 2441 dietam
555 2394 787 2459 cognomine
806 2411 957 2459 gentem
974 2430 988 2450 ‚

94 2467 326 2532 Catillusque
340 2486 498 2532 acerque
520 2471 662 2524 Coram,
683 2468 821 2535 Argiva
837 2469 1039 2533 juventus3
