1715 3028
280 145 344 213 2‘8
648 165 1291 236 P.V1RGJLIJ

333 271 464 311 dundis
481 270 706 325 praefec‘ium
729 281 911 311 memorat
923 301 937 319 ‚
957 271 1018 326 qui
1034 301 1045 321 ‚
1071 284 1118 311 ne
1143 283 1229 325 ager
1243 269 1403 325 Virgilio
1422 270 1578 324 eripere*

332 346 413 385 tur,
433 337 631 378 curaverit.

277 420 517 463 Feliciffimus
537 424 574 461 in
585 420 691 475 hujus
712 420 870 477 Eclogae
888 432 1105 477 argumento
1128 421 1169 463 δι
1188 421 1265 477 ejus
1284 422 1495 464 tractatione
1507 423 1574 466 fuit

333 487 455 538 poe'ta.
471 482 744 536 Jucundiffimis
756 486 855 524 euim
865 515 876 535 ‚
892 482 1101 523 dulciffimis
1113 515 1125 533 ‚
1141 499 1183 524 ac
1197 485 1445 539 pulcherrimis
1458 500 1577 526 rerum

331 545 555 599 imaginibus
579 548 698 586 omnis
713 547 804 586 haec
822 548 981 586 narratio
1004 546 1169 586 distincta
1190 546 1241 588 est
1253 578 1265 597 ‚
1287 561 1359 601 qua
1376 545 1519 587 Silenus
1533 560 1580 588 ex

332 607 666 661 antiquissimorum
683 612 878 663 poetarum
898 624 941 649 ac
957 610 1264 664 philosophorum
1281 609 1482 649 rationibus
1500 611 1579 648 ori-

334 672 459 725 ginem
482 684 603 710 rerum
627 673 751 721 canit,
773 683 883 726 atque
904 673 988 713 inde
1010 687 1075 727 per
1095 672 1235 712 fabulas
1258 683 1431 713 ornatum
1454 673 1581 725 po'e'ti-

334 746 422 771 cum
441 735 601 773 maxime
616 734 848 775 admittentes
862 746 1028 789 vagatur.
1054 734 1145 775 Non
1161 736 1258 774 enirn
1271 765 1282 783 ‚
1304 747 1417 788 quare
1429 733 1474 772 ad
1488 732 1582 787 Epi-

333 796 413 835 curi
439 794 662 850 potiffimum
694 797 827 851 placita
855 813 895 838 v.
921 813 964 853 31
990 798 1065 853 sqq.
1088 798 1270 845 referam,
1292 798 1430 846 vide03
1462 795 1581 850 quid?

334 859 437 912 quod
458 872 614 912 quatuor
632 861 810 900 elementa
824 892 835 911 ,
852 875 873 900 e
892 861 1023 914 quibus
1045 861 1256 902 universum
1274 862 1325 900 ibi
1341 858 1558 901 construitur
1570 888 1586 907 ,
1621 889 1630 898 .

335 936 430 975 quae
449 922 496 960 ad
516 920 805 975 Empedocleam
827 924 1008 965 rationem
1025 927 1204 979 pertinent
1220 955 1232 973 ‚
1258 925 1305 964 ab
1321 924 1585 979 Epicureorum

336 985 499 1037 principe
516 982 686 1024 Lucretio
711 987 938 1040 exagitantur
950 987 967 1027 I
981 1018 991 1036 ‚
1010 1002 1101 1040 717.
1129 989 1170 1027 &
1185 988 1309 1026 nititur
1328 998 1407 1026 tota
1435 986 1481 1025 de
1494 983 1586 1024 Vir·

336 1045 422 1100 gilio
442 1045 641 1099 Epicureae
664 1048 915 1102 philosophiae
939 1048 1113 1088 seciatore
1129 1049 1254 1089 fabula
1275 1048 1348 1089 fide
1372 1046 1584 1089 Pseudode-

335 1110 411 1147 nati
428 1109 468 1147 &
483 1109 618 1156 Servii,
638 1109 917 1150 vaniffimorurn
932 1112 1143 1151 hominum.
1168 1112 1251 1152 Fuit
1272 1122 1394 1151 autem
1410 1108 1588 1163 antiquis-

338 1168 430 1208 sima
445 1171 562 1224 aliqua
575 1201 585 1219 ‚
611 1171 651 1210 ὅ(
664 1202 678 1219 ,
699 1182 739 1211 ut
763 1173 852 1210 mihi
875 1173 1065 1225 probabile
1086 1172 1147 1221 fit,
1168 1186 1214 1211 ex
1232 1173 1342 1210 initiis
1361 1170 1438 1209 five
1452 1169 1589 1209 Eleufi·

339 1232 404 1270 niis
419 1230 496 1271 five
509 1233 584 1270 aliis
602 1234 713 1285 petita
734 1233 957 1272 reconditior
977 1234 1101 1273 fabula
1120 1234 1164 1273 de
1179 1233 1287 1274 Sileni
1300 1231 1527 1287 philosophia
1547 1232 1590 1272 &

339 1292 445 1346 super
465 1308 520 1333 res
537 1295 717 1334 naturales
734 1295 772 1334 &
789 1296 947 1335 morales
963 1296 1286 1350 disputationibu53
1309 1308 1427 1349 neque
1448 1309 1590 1335 vanum

341 1355 419 1403 est,
443 1357 543 1410 quod
557 1356 690 1397 Servio
710 1357 883 1397 insertum
905 1357 956 1398 est
977 1360 1024 1397 ad
1041 1374 1079 1398 v.
1106 1372 1164 1412 13.
1201 1362 1297 1398 Sane
1315 1359 1379 1397 lzoc
1404 1359 1446 1396 de
1466 1359 1591 1397 Sileno

345 1435 418 1458 non
437 1421 693 1470 diciturfic‘ium
709 1437 731 1459 a
750 1422 904 1474 Virgilio
918 1452 930 1470 ‚
946 1423 1015 1476 sed
1025 1437 1049 1460 a
1066 1423 1286 1474 Theopompo
1300 1421 1525 1460 translatum.
1550 1420 1593 1459 Is.

343 1482 435 1520 enim
457 1483 704 1535 apprehensum
721 1483 878 1521 Silenum
898 1498 922 1521 a
940 1484 1069 1522 Midae
1084 1484 1176 1537 regis
1192 1484 1392 1538 pastoribus
1406 1484 1495 1523 dicit
1507 1498 1592 1522 cra-

341 1544 434 1598 pula
457 1546 648 1582 madentem
670 1544 704 1583 6⁴
732 1559 777 1583 ex
801 1560 841 1583 ea
849 1547 1055 1599 soporatum
1068 1562 1080 1595 3
1107 1547 1193 1585 illos
1213 1546 1296 1585 dolo
1311 1545 1487 1600 aggreſj‘os
1509 1548 1594 1586 dor-

346 1606 503 1643 mientem
520 1603 673 1657 vinxzffe
691 1635 701 1653 ,
723 1607 838 1659 postea
862 1606 1019 1644 vinculis
1038 1609 1168 1661 sponte
1189 1607 1388 1646 labentibus
1410 1608 1593 1647 liberatum

348 1672 390 1708 de
403 1671 503 1708 rebus
519 1669 747 1708 naturalibus
760 1669 795 1708 6³
811 1670 971 1723 antiquis
983 1671 1114 1710 Midae
1128 1671 1359 1725 interroganti
1372 1672 1533 1725 respondi
1563 1687 1594 1712 e.

346 1733 470 1773 Locus
480 1733 544 1772 fuit
553 1733 620 1772 hac
638 1734 683 1772 de
695 1748 732 1773 re
742 1732 902 1773 clafficus
916 1737 954 1773 in
972 1732 1215 1787 Theopompi
1226 1733 1480 1782 Thaumafiis;
1498 1733 1596 1774 unde

346 1807 517 1849 excerpta
534 1795 708 1849 particula
724 1796 820 1849 apud
830 1796 962 1836 AElian.
979 1795 1074 1835 Var.
1088 1795 1179 1835 Hist.
1195 1796 1265 1844 ΙΙΙ,
1280 1796 1343 1849 38,
1353 1796 1415 1835 ubi
1429 1811 1471 1836 v.
1483 1796 1596 1850 Inttp.

351 1860 393 1899 δ(
411 1874 505 1913 quos
516 1860 684 1910 laudant3
701 1873 819 1913 neque
835 1861 932 1899 enim
945 1859 1011 1898 ista
1027 1873 1226 1913 recoquere
1244 1859 1356 1899 lubet.
1385 1859 1566 1899 Catroeus
1580 1890 1598 1908 ‚

351 1923 484 1977 &post
493 1938 576 1963 eum
588 1924 767 1963 Martinus
780 1937 822 1961 ac
834 1922 1057 1971 Wartonus,
1068 1923 1128 1975 qui
1138 1921 1289 1976 anglicis
1303 1920 1467 1961 verfibus
1480 1919 1597 1962 Eclo-

353 2001 418 2042 gas
442 1987 620 2034 reddidit,
646 1986 850 2040 elegantem
872 1986 1054 2023 rationem
1082 1983 1215 2032 affert,
1245 1983 1419 2038 quorsum
1437 1982 1602 2037 physicis

354 2052 493 2106 placitis
513 2050 656 2090 fabulae
673 2049 761 2090 istae
775 2064 796 2089 a
809 2062 848 2089 v.
864 2062 913 2102 43
938 2047 1014 2102 sqq.
1039 2046 1217 2101 subjefiae
1233 2045 1303 2086 sint
1319 2077 1330 2096 ,
1355 2046 1449 2084 tradi
1464 2045 1600 2101 scilicet

354 2129 432 2154 non
449 2116 566 2155 minus
591 2113 770 2155 moralem
795 2126 908 2166 quam
930 2110 1131 2150 naturalem
1150 2109 1412 2163 Epicureorum
1433 2107 1602 2160 philoso-

356 2180 484 2234 phiam
497 2210 511 2227 ,
530 2192 604 2232 qua
619 2186 880 2218 revocarentur
902 2174 1063 2228 inprimis
1080 2188 1101 2212 a
1120 2172 1376 2226 cupiditatibus
1399 2171 1441 2210 δέ
1456 2171 1600 2209 immo-

355 2239 489 2279 deratis
510 2239 622 2278 animi
646 2236 978 2292 perturbationibus
997 2234 1178 2273 homines.
1213 2232 1318 2272 Haec
1341 2242 1465 2271 autem
1489 2245 1602 2284 prae-

357 2314 466 2356 cepta
481 2333 494 2349 ‚
510 2315 548 2342 ut
561 2302 712 2341 decebat
725 2303 874 2354 poetam
889 2329 901 2349 ‚
913 2295 1078 2351 expreffa
1092 2293 1164 2335 effe
1179 2293 1311 2333 fabulis
1328 2293 1373 2332 de
1387 2293 1481 2348 turpi
1496 2306 1604 2332 amo-

358 2377 399 2403 re
428 2363 593 2403 Herculis
619 2363 660 2403 &
686 2361 906 2415 Pasiphaes,
939 2360 985 2399 de
1016 2357 1182 2411 superbia
1202 2355 1413 2395 Proetidum
1432 2385 1445 2403 ‚
1474 2356 1603 2395 avari-

360 2425 412 2462 tia
434 2422 628 2463 Atalantae
650 2423 690 2462 &
714 2422 919 2462 immodico
943 2419 1038 2460 luein
1064 2416 1395 2458 Phaethontiadum
1420 2414 1600 2455 sororum.

362 2486 539 2535 Attidem
561 2487 651 2527 haec
662 2515 677 2535 ,
693 2486 735 2528 δι
753 2500 776 2526 a
792 2485 916 2540 primis
929 2480 1037 2538 hujus
1057 2479 1199 2521 fabulae
1218 2479 1426 2521 austoribus
1445 2476 1604 2533 speciata
