1715 3028
351 149 442 195 224
678 136 732 182 ι’.
800 122 1309 180 νῐκσῖιιι

346 244 443 286 Cum
463 239 671 304 populant,
695 238 825 285 hiemis
843 257 1029 286 memores
1046 244 1071 294 ,’
1086 240 1262 304 te&oque
1281 255 1472 305 reponunt
1489 258 1500 288 ε

346 320 386 362 It
400 316 546 379 nigrum
565 314 701 378 campis
719 332 855 378 agmen
872 349 884 368 ‚
904 314 1142 379 praedamque
1162 333 1230 378 per
1247 314 1378 361 herbas

346 388 587 434 Conveslant
606 388 701 433 calle
720 388 897 450 angusto:
919 405 1000 452 pars
1025 388 1176 453 grandia
1196 388 1350 435 trudunt

347 461 513 508 Obnixae
528 462 711 508 frumenta
729 461 915 508 humeris:
935 481 1016 527 pars
1036 462 1184 526 agmina
1203 478 1349 526 cogunt
1363 497 1377 517 ‚
1445 471 1457 481 ²

346 535 615 599 Castigantque
635 553 781 581 moras:
807 552 924 598 opere
946 535 1066 581 omnis
1085 534 1214 581 semita
1230 535 1368 591 fervet,

344 609 444 669 Quis
465 607 532 655 tibi
552 624 665 662 tune,
683 607 786 654 Dido
800 643 812 662 .,
831 607 999 654 cernenti
1021 608 1105 654 talia
1129 608 1254 654 sensus
1280 615 1294 654 ἓ

345 682 507 743 Quosve
529 682 639 728 dab-as
660 681 852 746 gemitus,
875 700 958 728 cum
982 681 1263 728 litora'fervere
1286 682 1362 730 late

343 756 583 820 prospiceres
603 774 687 801 arce
707 774 752 801 ex
772 755 911 801 summa
926 791 938 810 .,
953 770 1149 818 totumque
1171 754 1319 801 videres

343 827 502 876 Misceri
520 844 605 876 ante
629 829 763 876 oculos
784 828 889 875 tantis
909 828 1134 876 clamoribus
1158 847 1290 893 aequor
1309 836 1323 875 ἓ

342 905 521 969 Improbe
535 924 639 952 amor
654 941 666 959 ,
687 905 779 968 quid
797 924 874 952 non
893 905 1066 951 mortalia
1087 904 1242 969 pe&ora
1262 903 1370 969 cogis
1387 909 1402 951 ἓ

340 982 401 1025 Ire
422 978 555 1024 iterum
575 977 615 1024 in
636 978 803 1024 lacrimas
818 1014 830 1032 ,
849 978 983 1024 iterum
1001 992 1145 1024 tentare
1164 978 1357 1042 precando

344 1052 532 1115 Cogitur:
555 1052 595 1099 δι
616 1052 773 1116 supplex
794 1051 936 1098 animos
956 1049 1173 1096 submittere
1193 1049 1338 1097 amori:

342 1125 404 1170 Ne
426 1124 515 1186 quid
534 1123 770 1187 inexpertum
791 1123 917 1169 frustra
940 1122 1120 1168 moritura
1139 1118 1338 1184 relinquat.

409 1204 519 1244 Anna
534 1233 547 1252 ‚
572 1197 676 1243 vides
696 1211 783 1244 toto
807 1195 1003 1261 properari
1029 1195 1142 1242 litore
1169 1194 1337 1241 circum:

275 1286 277 1288 ’
339 1273 522 1337 Undique
548 1289 764 1319 convenere
784 1292 793 1316 :
816 1288 930 1317 vocat
949 1270 1022 1333 jam
1043 1269 1210 1316 carbasus
1228 1287 1356 1316 aurasz

338 1347 528 1411 Puppibus
550 1346 590 1393 ἃ
609 1345 684 1392 laeti
707 1360 828 1392 nautae
849 1345 1064 1409 imposuere
1084 1363 1259 1392 coronas.

339 1424 447 1468 Hunc
468 1439 543 1483 ego
569 1419 595 1466 fi
622 1419 731 1484 potui
750 1437 889 1466 tantum
909 1419 1056 1483 sperare
1075 1418 1285 1472 dolo,rem‚'

342 1497 390 1539 Et
415 1494 582 1558 perferre
602 1529 614 1547 .,
640 1493 751 1539 soror
767 1529 779 1547 ,
804 1507 955 1555 potero.
985 1491 1138 1537 Miserae
1155 1491 1232 1537 hoc
1251 1505 1375 1537 tamen
1392 1502 1507 1536 unum

340 1566 556 1629 Exsequere
577 1600 589 1618 ‚
608 1570 715 1610 Anna
733 1599 744 1618 ,
768 1563 870 1613 mihi.
905 1562 1033 1608 Solam
1057 1579 1139 1608 nam
1160 1561 1322 1625 perfidus
1343 1560 1408 1607 ille

338 1641 396 1685 Te
420 1639 549 1685 colere
565 1674 577 1693 ‚
603 1656 755 1684 arcanos
779 1636 888 1682 etiam
909 1635 976 1682 tibi
998 1635 1152 1681 credere
1177 1633 1301 1681 sensus
1322 1655 1332 1679 z
1396 1690 1397 1693 Ἴ

338 1712 429 1758 Sola
446 1711 516 1757 viri
537 1711 663 1758 mollis
683 1708 825 1763 adum,
853 1709 892 1756 &
909 1724 1081 1773 tempora
1102 1727 1222 1754 noras:

338 1790 382 1839 Ι,
406 1785 515 1831 soror
529 1820 542 1839 ,
560 1800 671 1848 atque
693 1783 836 1829 hostem
855 1782 1009 1846 supplex
1029 1782 1154 1828 adfare
1175 1780 1393 1845 superbum:

338 1862 430 1905 Non
451 1876 526 1922 ego
548 1876 629 1903 cum
650 1856 785 1903 Danais
805 1856 1010 1918 Troianam
1036 1854 1238 1901 excindere
1261 1863 1431 1918 gentem‘

338 1931 478 1979 Aulide
498 1930 642 1994 juravi,
662 1930 858 1976 classemve
883 1929 928 1974 ad
951 1933 1128 1991 Pergama
1151 1927 1228 1973 mifi
1249 1947 1258 1972 ε

338 2008 421 2052 Nec
441 2004 550 2070 patris
572 2003 744 2050 Anchisae
769 2002 933 2049 cinerem
952 2001 1118 2048 manisve
1137 2000 1282 2048 revelli.

339 2084 420 2127 Cur
437 2095 518 2127 mea
535 2079 629 2126 dieta
651 2093 762 2142 negat
782 2079 888 2125 duras
909 2077 1102 2124 demittere
1125 2076 1274 2134 inauris
1296 2083 1310 2121 ἓ

338 2158 434 2216 Quo
455 2153 555 2200 ruit?
579 2168 785 2199 extremum
807 2150 882 2198 hoc
900 2151 1044 2197 miserae
1064 2151 1127 2196 det
1144 2167 1275 2196 munus
1300 2149 1433 2196 amanti
1454 2170 1463 2196 ε

339 2226 538 2290 Εκίρεὲῒεῐ
554 2224 778 2288 facilemque
795 2223 920 2288 fugam
931 2259 943 2277 ‚
959 2222 1172 2286 ventosque
1190 2222 1352 2267 serentis.

339 2302 430 2347 Non
446 2300 518 2362 jam
536 2299 755 2362 conjugium
773 2297 966 2360 antiquum
984 2332 996 2350 ‚
1024 2297 1125 2360 quod
1149 2295 1343 2359 prodidit,
1364 2315 1437 2343 oro
1455 2317 1467 2352 ;

338 2375 422 2419 Nec
438 2371 601 2436 ¹pulc'nro
627 2386 666 2416 ut
684 2370 791 2416 Latio
813 2386 933 2416 careat
948 2405 960 2424 ‚
983 2387 1215 2433 regnumque
1239 2368 1438 2433 relinquat.

335 2447 501 2510 Tempus
520 2445 631 2492 inane
651 2460 742 2510 peto
757 2479 770 2500 ‚
787 2444 956 2508 requiem
983 2442 1209 2508 spatiumque
1226 2441 1372 2509 furori}

1484 385 1487 389 ’
1551 401 1648 451 405,

1557 772 1649 810 410

1556 1135 1644 1179 415

1553 1507 1646 1544 420

1552 1873 1638 1914 425

1550 2240 1641 2281 430
