1715 3028
360 158 452 206 206
687 160 1362 208 RVIRGIL11,

352 273 510 317 Nomen
529 269 805 317 Achemenides
820 304 832 324 ‚
847 269 1002 332 Trojam
1021 268 1197 332 genitore
1217 266 1414 315 Adamasto

349 348 520 409 'Paupere
542 342 829 406 (manfiffetque
847 341 986 388 utinam
1004 346 1217 402 Fortunal)
1237 342 1442 406 professus.

352 418 424 464 Hic
443 437 502 464 me
516 453 528 472 ‚
545 418 632 464 dum
651 417 789 481 trepidi
815 416 979 463 crudelia
998 415 1125 462 limina
1143 415 1347 479 linquunt,

348 496 591 556 immemores
619 490 712 538 socii
740 491 842 538 vasto
869 490 1055 555 Cyclopis
1083 489 1121 536 in
1147 505 1254 537 antro

349 566 576 613 Deseruere.
598 569 745 613 Domus
765 565 868 612 sanie
889 564 1121 628 dapibusque
1148 562 1342 618 cruentis3

349 643 455 685 Intus
480 658 599 705 opaca
615 675 627 693 ,
645 639 791 704 ingens.
819 638 902 703 Ipse
923 638 1056 684 arduus
1076 674 1088 691 ‚
1106 638 1255 701 altaque
1276 636 1397 702 pulsat

348 713 503 766 Sidera,
523 717 602 772 (Di
616 749 628 767 ‚
649 713 761 759 talem
780 713 886 758 terris
906 711 1063 758 avertite
1088 711 1228 775 pestem
1246 714 1291 770 ¹.)

350 787 435 831 Nec
454 785 535 832 visu
555 785 672 832 facilis
687 821 700 840 ‚
722 804 791 831 nec
817 785 918 830 distu
937 784 1094 830 affabilis
1115 783 1202 830 ulli.·

346 857 562 905 Visceribus
581 858 802 905 miserorum
824 857 864 903 &
884 856 1064 921 sanguine
1082 856 1245 902 vescitur
1264 871 1356 902 atro.

347 931 437 977 Vidi
458 948 613 997 egomet
631 968 643 986 ,
670 933 747 978 duo
768 932 815 977 de
836 949 994 977 numero
1014 949 1097 977 cum
1114 949 1277 995 corpora
1295 930 1422 977 nostro

345 1006 483 1053 Prensa
505 1025 613 1052 manu
634 1023 764 1070 magna
782 1004 911 1052 medio
936 1004 1132 1069 resupinus
1156 1004 1194 1050 in
1213 1019 1322 1050 antro

345 1082 553 1145 frangeret
571 1080 616 1126 ad
636 1080 759 1125 saxum
775 1115 788 1133 .‚
807 1079 984 1142 sanieque
1003 1079 1176 1146 exspersa
1195 1093 1364 1126 natarent

345 1153 513 1199 Limina:
534 1152 613 1198 vidi
631 1168 712 1199 atro
737 1171 819 1198 cum
840 1153 1004 1198 membra
1022 1151 1178 1199 fluentia
1198 1153 1287 1199 tabo

345 1227 549 1272 Manderet
564 1262 576 1280 ‚
595 1225 635 1272 δι
654 1225 772 1290 tepidi
796 1219 1001 1273 tremerent
1020 1226 1084 1277 sub
1103 1226 1277 1273 dentibus
1296 1241 1405 1273 artus.

341 1298 455 1344 Haud
479 1298 633 1362 impune
653 1298 817 1361 quidem.
842 1302 924 1345 Nec
948 1299 1033 1345 talia
1054 1300 1172 1364 paffus
1189 1300 1321 1347 Ulixes
1343 1337 1353 1354 ,

345 1371 546 1424 Oblitusve
566 1372 619 1417 sui
641 1373 691 1418 est
716 1372 860 1419 Ithacus
878 1372 1088 1420 discrimine
1117 1389 1237 1421 tanto.

343 1446 441 1491 Nam
459 1444 564 1490 fimul
589 1445 759 1508 expletus
777 1446 934 1508 dapibus
949 1481 962 1498 ‚
982 1445 1151 1508 vinoque
1174 1447 1370 1510 sepultus,⁴

345 1516 546 1562 Cervicem
567 1516 741 1562 inflexam
761 1516 913 1581 posuit,
931 1518 1122 1581 jacuitque
1141 1537 1209 1582 per
1227 1534 1368 1565 antrum

342 1590 545 1636 Immensus
559 1626 572 1644 ‚
591 1589 727 1636 saniem
748 1590 916 1639 erudans
938 1610 980 1637 ac
999 1591 1108 1638 frusta
1128 1607 1288 1638 cruento

338 1667 411 1710 Per
432 1663 604 1710 somnum
624 1663 823 1710 commixta
839 1683 944 1711 mero
961 1685 972 1719 3
996 1683 1090 1718 nos,
1112 1682 1246 1726 magna
1266 1662 1411 1728 precati

341 1735 505 1782 Numina
519 1772 532 1789 ,
552 1735 751 1799 sortitique
770 1737 870 1782 vices
891 1772 903 1790 ‚
927 1754 1000 1782 una
1017 1737 1185 1800 undique
1205 1737 1345 1784 circum

343 1809 549 1855 Fundimur
563 1844 575 1862 ,
604 1808 643 1855 ὅ(
663 1809 741 1855 telo
764 1809 892 1855 lumen
913 1810 1140 1855 terebramus
1159 1825 1272 1856 acuto

342 1886 479 1946 Ingens
493 1917 506 1936 ,,
527 1882 632 1945 quod
653 1897 762 1928 torva
788 1881 909 1928 solum
930 1881 994 1927 sub
1013 1881 1139 1928 fronte
1162 1882 1300 1931 latebat
1318 1916 1331 1936 ἡ

339 1958 514 2024 Argolici
537 1958 651 2023 clipei
670 1973 730 2004 aut
751 1958 927 2004 Phoebeae
951 1957 1131 2022 lampadis
1152 1958 1257 2004 instar
1273 1979 1286 2003 ε’

339 2034 388 2078 Et
411 2033 560 2078 tandem
582 2031 658 2078 laeti
679 2031 869 2079 sociorum
890 2032 1103 2078 ulciscimur
1120 2032 1277 2078 umbras.

341 2106 414 2151 Sed
433 2104 552 2169 fugite
566 2141 578 2159 ‚
600 2125 624 2151 o
649 2103 774 2151 miseri
789 2139 802 2159 a
824 2103 943 2168 fugite
963 2140 975 2158 ,
1002 2120 1112 2168 atque
1133 2105 1177 2150 ab
1197 2104 1308 2150 litore
1333 2102 1477 2150 funem‘

339 2176 527 2241 Rumpite.

339 2252 435 2295 Nam
455 2249 573 2313 qualis
593 2247 827 2312 quantusque
850 2266 943 2294 cavo
961 2247 1220 2313 Polyphemus
1243 2250 1278 2294 in
1301 2264 1409 2295 antro

340 2321 535 2385 Lanigeras
555 2321 694 2368 claudit
712 2322 875 2386 pecudes
891 2357 903 2375 ,
922 2337 1033 2385 atque
1053 2323 1165 2368 ubera
1185 2322 1318 2385 pressat
1335 2359 1347 2378 ‚

341 2397 506 2441 Centum
527 2395 590 2442 alii
609 2415 720 2442 curva
742 2395 820 2442 haec
841 2393 1007 2442 habitant
1026 2396 1070 2442 ad
1088 2395 1198 2442 litora
1221 2397 1344 2461 volgo

338 2467 482 2514 Infandi
509 2469 703 2537 Cyclopes
721 2505 733 2524 ‚
754 2469 793 2517 ἃ
821 2468 902 2516 altis
924 2468 1116 2516 montibus
1140 2485 1272 2516 errant.

1560 339 1658 406 ‘615⁶

1552 706 1663 778 ’62εὲι

1560 1084 1646 1140 625

1553 1451 1644 1503 630

1522 2170 1638 2233 '640'
