1715 3028
349 180 445 236 232‘
677 176 729 219 Ρ.
803 177 1310 228 VIRGILJJ

348 282 490 329 Dulces
509 283 653 329 exuviae
668 319 680 337 ‚
703 282 790 328 dum
808 282 878 330 fata
897 283 1063 348 deusque
1083 285 1250 335 fine-bant
1269 325 1282 344 ‚

345 357 518 421 Accipite
540 357 632 402 hauc
649 356 805 403 animam
819 392 831 411 ‚
847 375 982 421 meque
1000 358 1054 406 his
1079 360 1264 409 exsolvite
1285 365 1395 411 curis

346 431 435 478 Vixi
453 466 465 485 ‚
490 431 529 478 ὅ(
543 465 554 483 ,
573 448 685 495 quem
705 430 857 477 dederat
876 432 1019 479 cursum
1042 433 1191 480 fortuna
1204 470 1215 489 ‚
1234 437 1364 502 peregi
1384 459 1393 482 :

347 507 397 550 Et
418 521 515 549 nunc
535 519 668 562 magna
685 501 758 547 mei
784 501 848 547 sub
865 519 976 549 terras
997 502 1064 550 ibit
1083 503 1223 569 imago.

346 577 491 624 Urbem
511 575 722 640 praeclaram
741 574 867 621 statui:
887 594 966 622 mea
987 576 1125 623 moenia
1143 577 1220 624 vidi
1239 599 1248 623 :
1386 593 1387 597 ’
1550 589 1576 629 6
1589 598 1636 642 55

345 652 439 698 Ulta
459 651 580 697 virum
598 687 610 704 ,
633 669 762 715 poenas
788 650 940 697 inimico
956 670 975 697 a
993 651 1103 698 fratre
1126 653 1276 717 recepi:

345 726 479 779 Felix,
503 725 575 772 heu
599 725 751 772 nimium
772 725 860 771 felix
877 761 888 779 ‚
910 724 936 771 fi
956 725 1065 772 litora
1090 741 1232 773 tantum

342 801 549 862 Nunquam
568 799 762 845 Dardaniae
782 798 987 863 tetigissent
1007 797 1127 846 nostra
1146 799 1280 846 carinae
1300 806 1310 845 ἱ

278 933 286 935 ⁴
345 872 455 918 Dixit
473 892 482 917 t
505 872 568 925 &⁹
597 877 639 918 o's
659 870 826 934 impreffa
847 886 934 918 toro
952 907 963 925 ‚
983 870 1197 918 Moriemur
1216 872 1342 919 inultae
1359 909 1374 927 .‚

345 947 421 993 Sed
442 947 643 993 moriamur
658 982 670 1001 ‚
689 946 751 993 ait.
787 946 847 992 Sic
865 982 876 1001 ‚
897 946 946 993 fic
967 947 1069 1009 juvat
1087 945 1139 992 ire
1161 945 1225 992 sub
1243 947 1401 993 umbras.
1534 952 1643 994 ⁸660

344 1020 499 1079 'Hauriat
522 1020 619 1067 hunc
647 1020 766 1068 oculis
786 1020 913 1085 ignem
939 1020 1099 1067 crudelis
1119 1021 1164 1066 ab
1183 1021 1260 1067 alto

343 1095 541 1142 Dardanus
560 1131 572 1149 ‚
600 1094 641 1141 δε
662 1095 795 1141 nostrae
814 1094 936 1140 secum
955 1095 1048 1141 ferat
1066 1093 1192 1141 omina
1211 1092 1355 1140 mortis.

344 1170 513 1217 Dixerat.
537 1173 658 1232 Atque
683 1168 782 1214 illam
803 1166 925 1213 media
946 1166 1041 1213 inter
1059 1167 1145 1214 talia
1163 1166 1264 1215 ferro

343 1244 567 1309 Collapsam
586 1243 794 1307 adspiciunt
812 1242 968 1289 comites
983 1279 995 1297 ‚
1014 1242 1216 1306 ensemque
1237 1261 1372 1290 cruore

347 1322 588 1384 Spumantem
606 1356 618 1374 ‚
644 1319 855 1383 sparsasque
882 1338 1018 1365 manus.
1041 1323 1073 1365 It
1094 1318 1236 1365 clamor
1253 1318 1299 1364 ad
1317 1319 1387 1365 alta
1552 1323 1638 1379 665

342 1392 476 1439 ‘'Ati-ia:
497 1394 707 1441 concuss‘am
725 1393 923 1439 bacchatur
940 1392 1034 1439 fama
1054 1410 1122 1457 per
1139 1392 1282 1438 urbem.

344 1465 556 1518 lamentis,
577 1464 790 1528 gemituque
805 1499 817 1516 ‚
837 1464 877 1510 ἃ
896 1463 1063 1509 femineo
1081 1462 1222 1509 ululatu

344 1539 460 1585 Tetra
479 1539 637 1584 fremunt
656 1558 664 1582 :
688 1538 838 1584 resonat
859 1536 1000 1600 magnis
1017 1534 1263 1599 plangoribus
1281 1533 1408 1580 aether.

345 1614 438 1658 Non
460 1612 565 1658 aliter
580 1648 592 1666 ‚
616 1630 722 1674 quam
742 1611 766 1656 s1
789 1610 946 1657 immistis
965 1625 1044 1656 ruat
1062 1608 1227 1655 hostibus
1249 1607 1372 1654 omnis

345 1686 544 1749 Carthago
563 1721 574 1738 ,
593 1700 654 1731 aut
674 1685 824 1749 antiqua
843 1688 968 1749 Tyros
987 1705 999 1738 ·,
1020 1684 1254 1745 flammaeque
1273 1680 1434 1727 furentes
1551 1686 1643 1740 670

346 1760 523 1806 eulmina
547 1778 689 1823 perque
714 1759 912 1806 hominum
932 1758 1132 1805 volvantur
1152 1772 1296 1820 perque
1315 1756 1498 1801 Deorum.

341 1834 476 1882 'Audiit
494 1835 669 1881 exanimis
689 1870 701 1888 .,
730 1833 958 1897 trepidoque
978 1831 1151 1879 exterrita
1170 1829 1276 1876 cursu
1295 1864 1308 1883 .,

346 1908 548 1967 Unguibus
572 1927 637 1955 ora
655 1908 764 1954 soror
788 1907 930 1955 foedans
947 1940 960 1961 ‚
984 1906 1023 1954 &
1045 1906 1198 1971 peklora
1218 1900 1354 1969 pugnis
1373 1937 1388 1954 ‚

345 1984 417 2026 Per
441 1979 585 2026 medios
608 1979 705 2033 ruit,
729 1998 771 2025 ac
796 1978 1022 2025 morientem
1044 1978 1196 2025 nomine
1221 1978 1379 2024 clamat:

347 2056 435 2100 Hoc
454 2053 545 2099 illud
561 2089 572 2105 .,
592 2071 764 2109 germana
780 2088 792 2106 ‚
811 2052 908 2099 fuit?
929 2070 989 2098 me
1008 2052 1136 2098 fraude
1162 2050 1313 2116 petebas
1331 2056 1344 2095 ἓ
1548 2056 1576 2097 6
1583 2069 1636 2114 75

345 2131 432 2175 Hoc
456 2147 569 2189 rogus
593 2127 656 2173 iste
678 2126 766 2173 mihi
781 2163 794 2182 .,
817 2126 892 2174 hoc
911 2126 1014 2191 ignes
1035 2144 1183 2190 araeque
1209 2125 1418 2189 parabant?
1466 2118 1467 2121 Ἴ

342 2200 451 2261 Quid
476 2201 632 2263 primum
653 2199 796 2246 deserta
814 2206 974 2263 querar?
996 2199 1221 2246 comitemne
1242 2198 1411 2246 sororem

345 2271 523 2334 Sprevisti
542 2272 733 2318 moriens?
755 2271 893 2317 Eadem
911 2289 971 2317 me
991 2271 1035 2317 ad
1055 2270 1126 2317 fata
1145 2269 1312 2316 vocaffes
1332 2291 1341 2316 τ

344 2343 446 2390 Idem
465 2343 584 2389 ambas
603 2343 703 2390 ferro
725 2343 861 2397 dolor,
881 2358 993 2407 atque
1014 2343 1144 2390 eadem
1163 2342 1254 2388 hora
1272 2343 1419 2391 tuliffet.

345 2413 411 2461 ‘His
429 2414 538 2460 etiam
559 2414 666 2461 struxi
686 2414 852 2461 manibus
869 2451 881 2469 ‚
899 2415 1116 2478 patriosque
1136 2413 1274 2460 vocavi
1543 2421 1634 2464 6¹80
1703 2440 1715 2450 ²

349 2487 457 2535 Voce
474 2489 579 2535 Deos
593 2523 606 2543 ‚
624 2487 672 2536 fic
697 2503 735 2537 te
760 2503 800 2535 ut
819 2487 937 2556 posita
963 2485 1121 2534 crudelis
1142 2486 1331 2534 abefl'em?
