<?xml version="1.0" encoding="UTF-8"?>
<!DOCTYPE html PUBLIC "-//W3C//DTD XHTML 1.0 Transitional//EN"
    "http://www.w3.org/TR/xhtml1/DTD/xhtml1-transitional.dtd">
<html xmlns="http://www.w3.org/1999/xhtml" xml:lang="en" lang="en">
 <head>
  <title>
</title>
<meta http-equiv="Content-Type" content="text/html;charset=utf-8" />
  <meta name='ocr-system' content='tesseract 3.04.00' />
  <meta name='ocr-capabilities' content='ocr_page ocr_carea ocr_par ocr_line ocrx_word'/>
</head>
<body>
  <div class='ocr_page' id='page_1' title='image "./pvirgiliimaronis001virg_0248.png"; bbox 0 0 1715 3028; ppageno 0'>
   <div class='ocr_carea' id='block_1_1' title="bbox 328 164 1676 2550">
    <p class='ocr_par' dir='ltr' id='par_1_1' title="bbox 328 164 1676 2550">
     <span class='ocr_line' id='line_1_1' title="bbox 335 164 1349 228; baseline 0.007 -13"><span class='ocrx_word' id='word_1_1' title='bbox 335 174 429 228; x_wconf 69' lang='lat'>242</span> <span class='ocrx_word' id='word_1_2' title='bbox 703 176 759 221; x_wconf 84' lang='lat' dir='ltr'>P.</span> <span class='ocrx_word' id='word_1_3' title='bbox 831 164 1216 224; x_wconf 64' lang='lat' dir='ltr'>VIRG‘Iz‘</span> <span class='ocrx_word' id='word_1_4' title='bbox 1261 176 1349 224; x_wconf 78' lang='grc' dir='ltr'>[ι</span> 
     </span>
     <span class='ocr_line' id='line_1_2' title="bbox 329 266 1403 344; baseline 0.001 -17"><span class='ocrx_word' id='word_1_5' title='bbox 329 279 497 344; x_wconf 65' lang='lat' dir='ltr'>&#39;Agmine</span> <span class='ocrx_word' id='word_1_6' title='bbox 516 297 706 326; x_wconf 85' lang='lat' dir='ltr'>remorum</span> <span class='ocrx_word' id='word_1_7' title='bbox 728 278 843 326; x_wconf 88' lang='lat' dir='ltr'>celeri</span> <span class='ocrx_word' id='word_1_8' title='bbox 862 315 874 333; x_wconf 84' lang='lat'>‚</span> <span class='ocrx_word' id='word_1_9' title='bbox 895 279 1092 344; x_wconf 79' lang='lat' dir='ltr'>ventisque</span> <span class='ocrx_word' id='word_1_10' title='bbox 1110 278 1254 327; x_wconf 87' lang='lat' dir='ltr'>vocatis</span> <span class='ocrx_word' id='word_1_11' title='bbox 1270 314 1285 336; x_wconf 83' lang='lat'><strong>‚</strong></span> <span class='ocrx_word' id='word_1_12' title='bbox 1397 266 1403 272; x_wconf 88' lang='lat'><em>.</em></span> 
     </span>
     <span class='ocr_line' id='line_1_3' title="bbox 331 353 1307 419; baseline 0 -19"><span class='ocrx_word' id='word_1_13' title='bbox 331 356 455 400; x_wconf 89' lang='lat' dir='ltr'>Prona</span> <span class='ocrx_word' id='word_1_14' title='bbox 475 354 570 418; x_wconf 85' lang='lat' dir='ltr'>petit</span> <span class='ocrx_word' id='word_1_15' title='bbox 594 353 730 408; x_wconf 77' lang='lat' dir='ltr'>maria,</span> <span class='ocrx_word' id='word_1_16' title='bbox 752 353 792 401; x_wconf 85' lang='lat'>&amp;</span> <span class='ocrx_word' id='word_1_17' title='bbox 812 354 952 418; x_wconf 81' lang='lat' dir='ltr'>pelago</span> <span class='ocrx_word' id='word_1_18' title='bbox 974 353 1138 401; x_wconf 83' lang='lat' dir='ltr'><strong>decurrit</strong></span> <span class='ocrx_word' id='word_1_19' title='bbox 1163 371 1307 419; x_wconf 85' lang='lat' dir='ltr'>aperto.</span> 
     </span>
     <span class='ocr_line' id='line_1_4' title="bbox 330 425 1251 490; baseline 0.002 -19"><span class='ocrx_word' id='word_1_20' title='bbox 330 426 465 487; x_wconf 80' lang='lat' dir='ltr'>Qualis</span> <span class='ocrx_word' id='word_1_21' title='bbox 485 425 662 490; x_wconf 87' lang='lat' dir='ltr'>spelunca</span> <span class='ocrx_word' id='word_1_22' title='bbox 682 425 805 473; x_wconf 85' lang='lat' dir='ltr'>subito</span> <span class='ocrx_word' id='word_1_23' title='bbox 827 442 1018 474; x_wconf 86' lang='lat' dir='ltr'>commota</span> <span class='ocrx_word' id='word_1_24' title='bbox 1041 427 1217 473; x_wconf 84' lang='lat' dir='ltr'>columba</span> <span class='ocrx_word' id='word_1_25' title='bbox 1230 454 1251 482; x_wconf 84' lang='lat'>-.,</span> 
     </span>
     <span class='ocr_line' id='line_1_5' title="bbox 331 498 1347 564; baseline 0.001 -20"><span class='ocrx_word' id='word_1_26' title='bbox 331 498 407 544; x_wconf 85' lang='lat' dir='ltr'>Cui</span> <span class='ocrx_word' id='word_1_27' title='bbox 426 499 559 545; x_wconf 88' lang='lat' dir='ltr'>domus</span> <span class='ocrx_word' id='word_1_28' title='bbox 585 498 626 546; x_wconf 69' lang='grc' dir='ltr'>ὅ(</span> <span class='ocrx_word' id='word_1_29' title='bbox 643 499 771 545; x_wconf 86' lang='lat' dir='ltr'>dulces</span> <span class='ocrx_word' id='word_1_30' title='bbox 789 499 982 546; x_wconf 88' lang='lat' dir='ltr'>latebroso</span> <span class='ocrx_word' id='word_1_31' title='bbox 1007 499 1044 545; x_wconf 89' lang='lat' dir='ltr'>in</span> <span class='ocrx_word' id='word_1_32' title='bbox 1066 499 1216 564; x_wconf 84' lang='lat' dir='ltr'>pumice</span> <span class='ocrx_word' id='word_1_33' title='bbox 1239 498 1347 554; x_wconf 82' lang='lat' dir='ltr'>nidi,</span> 
     </span>
     <span class='ocr_line' id='line_1_6' title="bbox 329 567 1622 638; baseline 0.002 -20"><span class='ocrx_word' id='word_1_34' title='bbox 329 576 461 619; x_wconf 76' lang='lat' dir='ltr'>Fertur</span> <span class='ocrx_word' id='word_1_35' title='bbox 479 572 518 618; x_wconf 89' lang='lat' dir='ltr'>in</span> <span class='ocrx_word' id='word_1_36' title='bbox 536 589 621 619; x_wconf 84' lang='lat' dir='ltr'>arva</span> <span class='ocrx_word' id='word_1_37' title='bbox 644 573 777 620; x_wconf 87' lang='lat' dir='ltr'>volans</span> <span class='ocrx_word' id='word_1_38' title='bbox 792 572 811 628; x_wconf 69' lang='lat'>‚¹</span> <span class='ocrx_word' id='word_1_39' title='bbox 832 572 1077 638; x_wconf 86' lang='lat' dir='ltr'>plausumque</span> <span class='ocrx_word' id='word_1_40' title='bbox 1095 570 1268 620; x_wconf 87' lang='lat' dir='ltr'>exterrita</span> <span class='ocrx_word' id='word_1_41' title='bbox 1285 567 1422 638; x_wconf 79' lang='lat' dir='ltr'>pennis¹</span> <span class='ocrx_word' id='word_1_42' title='bbox 1464 590 1465 593; x_wconf 73' lang='grc'>’</span> <span class='ocrx_word' id='word_1_43' title='bbox 1515 581 1558 620; x_wconf 64' lang='lat'>⁵2</span> <span class='ocrx_word' id='word_1_44' title='bbox 1573 593 1622 638; x_wconf 69' lang='grc' dir='ltr'>ις</span> 
     </span>
     <span class='ocr_line' id='line_1_7' title="bbox 329 640 1619 711; baseline 0.002 -18"><span class='ocrx_word' id='word_1_45' title='bbox 329 642 405 693; x_wconf 87' lang='lat' dir='ltr'>Dat</span> <span class='ocrx_word' id='word_1_46' title='bbox 424 647 526 694; x_wconf 69' lang='lat' dir='ltr'>teEto</span> <span class='ocrx_word' id='word_1_47' title='bbox 545 647 764 711; x_wconf 79' lang='lat' dir='ltr'>ingentem:</span> <span class='ocrx_word' id='word_1_48' title='bbox 786 665 875 694; x_wconf 88' lang='lat' dir='ltr'>mox</span> <span class='ocrx_word' id='word_1_49' title='bbox 893 666 978 695; x_wconf 87' lang='lat' dir='ltr'>aere</span> <span class='ocrx_word' id='word_1_50' title='bbox 996 647 1096 711; x_wconf 83' lang='lat' dir='ltr'>lapsa</span> <span class='ocrx_word' id='word_1_51' title='bbox 1116 648 1248 711; x_wconf 90' lang='lat' dir='ltr'>quieto</span> <span class='ocrx_word' id='word_1_52' title='bbox 1616 640 1619 642; x_wconf 85' lang='lat'>.</span> 
     </span>
     <span class='ocr_line' id='line_1_8' title="bbox 329 721 1398 786; baseline 0.001 -18"><span class='ocrx_word' id='word_1_53' title='bbox 329 721 440 768; x_wconf 80' lang='lat' dir='ltr'>Radit</span> <span class='ocrx_word' id='word_1_54' title='bbox 456 721 525 768; x_wconf 87' lang='lat' dir='ltr'>iter</span> <span class='ocrx_word' id='word_1_55' title='bbox 545 721 728 785; x_wconf 88' lang='lat' dir='ltr'>liquidum</span> <span class='ocrx_word' id='word_1_56' title='bbox 742 758 754 776; x_wconf 88' lang='lat'>‚</span> <span class='ocrx_word' id='word_1_57' title='bbox 774 721 906 769; x_wconf 88' lang='lat' dir='ltr'>celeris</span> <span class='ocrx_word' id='word_1_58' title='bbox 926 739 1050 786; x_wconf 89' lang='lat' dir='ltr'>neque</span> <span class='ocrx_word' id='word_1_59' title='bbox 1071 739 1293 769; x_wconf 88' lang='lat' dir='ltr'>commovet</span> <span class='ocrx_word' id='word_1_60' title='bbox 1310 723 1398 770; x_wconf 85' lang='lat' dir='ltr'>alas.</span> 
     </span>
     <span class='ocr_line' id='line_1_9' title="bbox 329 792 1419 859; baseline 0.001 -20"><span class='ocrx_word' id='word_1_61' title='bbox 329 793 392 840; x_wconf 88' lang='lat' dir='ltr'>Sic</span> <span class='ocrx_word' id='word_1_62' title='bbox 410 795 654 849; x_wconf 74' lang='lat' dir='ltr'>Mnestheus,</span> <span class='ocrx_word' id='word_1_63' title='bbox 673 794 722 841; x_wconf 86' lang='lat' dir='ltr'>fic</span> <span class='ocrx_word' id='word_1_64' title='bbox 741 794 818 859; x_wconf 83' lang='lat' dir='ltr'>ipsa</span> <span class='ocrx_word' id='word_1_65' title='bbox 839 794 926 858; x_wconf 80' lang='lat' dir='ltr'>fuga</span> <span class='ocrx_word' id='word_1_66' title='bbox 949 793 1047 841; x_wconf 86' lang='lat' dir='ltr'>secat</span> <span class='ocrx_word' id='word_1_67' title='bbox 1063 792 1192 841; x_wconf 90' lang='lat' dir='ltr'>ultima</span> <span class='ocrx_word' id='word_1_68' title='bbox 1210 794 1333 841; x_wconf 88' lang='lat' dir='ltr'>Pristis</span> <span class='ocrx_word' id='word_1_69' title='bbox 1379 804 1381 806; x_wconf 82' lang='lat'>&#39;</span> <span class='ocrx_word' id='word_1_70' title='bbox 1414 798 1419 807; x_wconf 70' lang='lat'><strong><em>¹</em></strong></span> 
     </span>
     <span class='ocr_line' id='line_1_10' title="bbox 328 868 1310 933; baseline -0.001 -17"><span class='ocrx_word' id='word_1_71' title='bbox 328 873 523 932; x_wconf 86' lang='lat' dir='ltr'>AEquora:</span> <span class='ocrx_word' id='word_1_72' title='bbox 544 868 593 915; x_wconf 83' lang='lat' dir='ltr'>fic</span> <span class='ocrx_word' id='word_1_73' title='bbox 613 869 714 915; x_wconf 90' lang='lat' dir='ltr'>illam</span> <span class='ocrx_word' id='word_1_74' title='bbox 732 869 805 915; x_wconf 89' lang='lat' dir='ltr'>fert</span> <span class='ocrx_word' id='word_1_75' title='bbox 824 868 983 933; x_wconf 85' lang='lat' dir='ltr'>impetus</span> <span class='ocrx_word' id='word_1_76' title='bbox 1003 868 1082 932; x_wconf 88' lang='lat' dir='ltr'>ipse</span> <span class='ocrx_word' id='word_1_77' title='bbox 1101 869 1310 915; x_wconf 83' lang='lat' dir='ltr'>volantem.</span> 
     </span>
     <span class='ocr_line' id='line_1_11' title="bbox 329 941 1631 1006; baseline 0.002 -18"><span class='ocrx_word' id='word_1_78' title='bbox 329 943 378 988; x_wconf 87' lang='lat' dir='ltr'>Et</span> <span class='ocrx_word' id='word_1_79' title='bbox 399 942 564 1005; x_wconf 84' lang='lat' dir='ltr'>primum&#39;</span> <span class='ocrx_word' id='word_1_80' title='bbox 578 941 616 988; x_wconf 84' lang='lat' dir='ltr'>in</span> <span class='ocrx_word' id='word_1_81' title='bbox 637 941 796 1006; x_wconf 83' lang='lat' dir='ltr'>scopulo</span> <span class='ocrx_word' id='word_1_82' title='bbox 815 941 1016 987; x_wconf 61' lang='lat' dir='ltr'>luetantem</span> <span class='ocrx_word' id='word_1_83' title='bbox 1035 941 1174 988; x_wconf 87' lang='lat' dir='ltr'>deserit</span> <span class='ocrx_word' id='word_1_84' title='bbox 1197 943 1277 989; x_wconf 88' lang='lat' dir='ltr'>alto</span> <span class='ocrx_word' id='word_1_85' title='bbox 1540 962 1631 992; x_wconf 80' lang='lat'>220</span> 
     </span>
     <span class='ocr_line' id='line_1_12' title="bbox 328 1011 1424 1080; baseline 0.003 -19"><span class='ocrx_word' id='word_1_86' title='bbox 328 1011 542 1080; x_wconf 73' lang='lat' dir='ltr'>Sergestum</span> <span class='ocrx_word' id='word_1_87' title='bbox 555 1054 568 1076; x_wconf 78' lang='lat'>‚</span> <span class='ocrx_word' id='word_1_88' title='bbox 587 1016 840 1080; x_wconf 77' lang='lat' dir='ltr'>brevibusque</span> <span class='ocrx_word' id='word_1_89' title='bbox 858 1015 961 1061; x_wconf 82' lang='lat' dir='ltr'>vadis</span> <span class='ocrx_word' id='word_1_90' title='bbox 974 1051 987 1070; x_wconf 79' lang='grc'><em>,</em></span> <span class='ocrx_word' id='word_1_91' title='bbox 1003 1015 1207 1080; x_wconf 82' lang='lat' dir='ltr'>frustraque</span> <span class='ocrx_word' id='word_1_92' title='bbox 1224 1031 1424 1064; x_wconf 83' lang='lat' dir='ltr'>vocantem</span> 
     </span>
     <span class='ocr_line' id='line_1_13' title="bbox 330 1088 1245 1145; baseline -0.001 -9"><span class='ocrx_word' id='word_1_93' title='bbox 330 1090 481 1136; x_wconf 81' lang='lat' dir='ltr'>Auxilia</span> <span class='ocrx_word' id='word_1_94' title='bbox 500 1126 513 1145; x_wconf 82' lang='lat'>.,</span> <span class='ocrx_word' id='word_1_95' title='bbox 532 1090 572 1137; x_wconf 60' lang='grc' dir='ltr'>ὅ(</span> <span class='ocrx_word' id='word_1_96' title='bbox 589 1089 710 1136; x_wconf 70' lang='lat' dir='ltr'>fraffis</span> <span class='ocrx_word' id='word_1_97' title='bbox 732 1088 936 1135; x_wconf 79' lang='lat' dir='ltr'><strong>discentem</strong></span> <span class='ocrx_word' id='word_1_98' title='bbox 956 1107 1106 1135; x_wconf 84' lang='lat' dir='ltr'>currere</span> <span class='ocrx_word' id='word_1_99' title='bbox 1123 1088 1245 1135; x_wconf 78' lang='lat' dir='ltr'>remis.</span> 
     </span>
     <span class='ocr_line' id='line_1_14' title="bbox 330 1161 1324 1226; baseline 0 -17"><span class='ocrx_word' id='word_1_100' title='bbox 330 1163 423 1209; x_wconf 90' lang='lat' dir='ltr'>Inde</span> <span class='ocrx_word' id='word_1_101' title='bbox 441 1166 552 1226; x_wconf 84' lang='lat' dir='ltr'>Gyan</span> <span class='ocrx_word' id='word_1_102' title='bbox 569 1199 581 1216; x_wconf 59' lang='lat'>7</span> <span class='ocrx_word' id='word_1_103' title='bbox 604 1162 796 1226; x_wconf 75' lang='lat' dir='ltr'>ipsamque</span> <span class='ocrx_word' id='word_1_104' title='bbox 816 1161 960 1226; x_wconf 76' lang='lat' dir='ltr'>ingenti</span> <span class='ocrx_word' id='word_1_105' title='bbox 977 1162 1082 1208; x_wconf 88' lang='lat' dir='ltr'>mole</span> <span class='ocrx_word' id='word_1_106' title='bbox 1100 1161 1324 1209; x_wconf 85' lang='lat' dir='ltr'>Chimaeram</span> 
     </span>
     <span class='ocr_line' id='line_1_15' title="bbox 331 1234 1473 1300; baseline 0.003 -20"><span class='ocrx_word' id='word_1_107' title='bbox 331 1235 602 1299; x_wconf 73' lang='lat' dir='ltr'>Consequitur.</span> <span class='ocrx_word' id='word_1_108' title='bbox 632 1235 767 1281; x_wconf 81' lang='lat' dir='ltr'>Cedit:</span> <span class='ocrx_word' id='word_1_109' title='bbox 789 1234 969 1298; x_wconf 82' lang='lat' dir='ltr'>quoniam</span> <span class='ocrx_word' id='word_1_110' title='bbox 990 1234 1146 1298; x_wconf 87' lang='lat' dir='ltr'>spoliata</span> <span class='ocrx_word' id='word_1_111' title='bbox 1170 1236 1345 1300; x_wconf 75' lang='lat' dir='ltr'>magistro</span> <span class='ocrx_word' id='word_1_112' title='bbox 1370 1237 1433 1283; x_wconf 85' lang='lat' dir='ltr'>est.</span> <span class='ocrx_word' id='word_1_113' title='bbox 1462 1256 1473 1262; x_wconf 62' lang='grc'><strong>“</strong></span> 
     </span>
     <span class='ocr_line' id='line_1_16' title="bbox 332 1308 1628 1374; baseline 0 -18"><span class='ocrx_word' id='word_1_114' title='bbox 332 1311 443 1356; x_wconf 87' lang='lat' dir='ltr'>Solus</span> <span class='ocrx_word' id='word_1_115' title='bbox 467 1311 618 1374; x_wconf 75' lang='lat' dir='ltr'>jamque</span> <span class='ocrx_word' id='word_1_116' title='bbox 638 1308 723 1374; x_wconf 85' lang='lat' dir='ltr'>ipso</span> <span class='ocrx_word' id='word_1_117' title='bbox 748 1309 910 1374; x_wconf 86' lang='lat' dir='ltr'>superest</span> <span class='ocrx_word' id='word_1_118' title='bbox 930 1309 967 1356; x_wconf 91' lang='lat' dir='ltr'>in</span> <span class='ocrx_word' id='word_1_119' title='bbox 987 1310 1063 1356; x_wconf 90' lang='lat' dir='ltr'>fine</span> <span class='ocrx_word' id='word_1_120' title='bbox 1084 1310 1318 1358; x_wconf 82' lang='lat' dir='ltr'>Cloanthus:</span> <span class='ocrx_word' id='word_1_121' title='bbox 1419 1318 1424 1360; x_wconf 77' lang='grc' dir='ltr'>Ξ</span> <span class='ocrx_word' id='word_1_122' title='bbox 1542 1326 1628 1372; x_wconf 79' lang='lat'>225</span> 
     </span>
     <span class='ocr_line' id='line_1_17' title="bbox 332 1381 1626 1451; baseline 0.002 -23"><span class='ocrx_word' id='word_1_123' title='bbox 332 1383 460 1443; x_wconf 82' lang='lat' dir='ltr'>Quem</span> <span class='ocrx_word' id='word_1_124' title='bbox 479 1382 572 1446; x_wconf 86' lang='lat' dir='ltr'>petit</span> <span class='ocrx_word' id='word_1_125' title='bbox 587 1418 600 1437; x_wconf 79' lang='lat'>‚</span> <span class='ocrx_word' id='word_1_126' title='bbox 629 1381 669 1429; x_wconf 82' lang='lat'>&amp;</span> <span class='ocrx_word' id='word_1_127' title='bbox 693 1382 841 1428; x_wconf 85' lang='lat' dir='ltr'>summis</span> <span class='ocrx_word' id='word_1_128' title='bbox 859 1382 1013 1429; x_wconf 82' lang='lat' dir='ltr'>adnixus</span> <span class='ocrx_word' id='word_1_129' title='bbox 1039 1382 1181 1429; x_wconf 86' lang='lat' dir='ltr'>viribus</span> <span class='ocrx_word' id='word_1_130' title='bbox 1199 1399 1320 1448; x_wconf 80' lang='lat' dir='ltr'>urget.</span> <span class='ocrx_word' id='word_1_131' title='bbox 1388 1446 1391 1451; x_wconf 15' lang='grc' dir='ltr'>ἱ</span> <span class='ocrx_word' id='word_1_132' title='bbox 1622 1390 1626 1394; x_wconf 73' lang='grc'>’</span> 
     </span>
     <span class='ocr_line' id='line_1_18' title="bbox 333 1453 1492 1518; baseline 0.001 -18"><span class='ocrx_word' id='word_1_133' title='bbox 333 1458 432 1501; x_wconf 90' lang='lat' dir='ltr'>Tum</span> <span class='ocrx_word' id='word_1_134' title='bbox 453 1473 546 1501; x_wconf 89' lang='lat' dir='ltr'>vero</span> <span class='ocrx_word' id='word_1_135' title='bbox 568 1453 774 1516; x_wconf 72' lang='lat' dir='ltr'>ingeminat</span> <span class='ocrx_word' id='word_1_136' title='bbox 794 1455 936 1500; x_wconf 85' lang='lat' dir='ltr'>clamor</span> <span class='ocrx_word' id='word_1_137' title='bbox 952 1490 964 1509; x_wconf 76' lang='lat'>‚</span> <span class='ocrx_word' id='word_1_138' title='bbox 989 1453 1187 1518; x_wconf 47' lang='lat' dir='ltr'>cunctique</span> <span class='ocrx_word' id='word_1_139' title='bbox 1211 1454 1431 1518; x_wconf 79' lang='lat' dir='ltr'>sequentem</span> <span class='ocrx_word' id='word_1_140' title='bbox 1489 1475 1492 1489; x_wconf 69' lang='lat'><em>³</em></span> 
     </span>
     <span class='ocr_line' id='line_1_19' title="bbox 334 1525 1417 1590; baseline 0.001 -19"><span class='ocrx_word' id='word_1_141' title='bbox 334 1527 510 1590; x_wconf 74' lang='lat' dir='ltr'>Insti&#39;gant</span> <span class='ocrx_word' id='word_1_142' title='bbox 529 1526 652 1571; x_wconf 82' lang='lat' dir='ltr'>studiis</span> <span class='ocrx_word' id='word_1_143' title='bbox 667 1562 679 1580; x_wconf 78' lang='grc'><em>,</em></span> <span class='ocrx_word' id='word_1_144' title='bbox 703 1526 926 1590; x_wconf 79' lang='lat' dir='ltr'>resonatque</span> <span class='ocrx_word' id='word_1_145' title='bbox 946 1525 1157 1589; x_wconf 79' lang='lat' dir='ltr'>fragoribus</span> <span class='ocrx_word' id='word_1_146' title='bbox 1178 1526 1306 1589; x_wconf 88' lang='lat' dir='ltr'>aether.</span> <span class='ocrx_word' id='word_1_147' title='bbox 1362 1544 1363 1547; x_wconf 70' lang='grc'>’</span> <span class='ocrx_word' id='word_1_148' title='bbox 1416 1549 1417 1554; x_wconf 55' lang='grc'>’</span> 
     </span>
     <span class='ocr_line' id='line_1_20' title="bbox 334 1598 1484 1664; baseline 0.002 -18"><span class='ocrx_word' id='word_1_149' title='bbox 334 1600 383 1646; x_wconf 88' lang='lat' dir='ltr'>Hi</span> <span class='ocrx_word' id='word_1_150' title='bbox 405 1600 599 1664; x_wconf 84' lang='lat' dir='ltr'>proprium</span> <span class='ocrx_word' id='word_1_151' title='bbox 619 1601 733 1645; x_wconf 86' lang='lat' dir='ltr'>decus</span> <span class='ocrx_word' id='word_1_152' title='bbox 752 1600 792 1647; x_wconf 84' lang='lat'>&amp;</span> <span class='ocrx_word' id='word_1_153' title='bbox 817 1615 961 1664; x_wconf 86' lang='lat' dir='ltr'>partum</span> <span class='ocrx_word' id='word_1_154' title='bbox 977 1635 990 1654; x_wconf 75' lang='lat'>‚</span> <span class='ocrx_word' id='word_1_155' title='bbox 1010 1599 1247 1664; x_wconf 78' lang='lat' dir='ltr'>indignantur</span> <span class='ocrx_word' id='word_1_156' title='bbox 1261 1637 1274 1652; x_wconf 79' lang='grc'><em>,</em></span> <span class='ocrx_word' id='word_1_157' title='bbox 1293 1598 1484 1648; x_wconf 79' lang='lat' dir='ltr'>honorem</span> 
     </span>
     <span class='ocr_line' id='line_1_21' title="bbox 337 1672 1633 1737; baseline 0 -17"><span class='ocrx_word' id='word_1_158' title='bbox 337 1674 390 1720; x_wconf 89' lang='lat' dir='ltr'>Ni</span> <span class='ocrx_word' id='word_1_159' title='bbox 410 1689 584 1721; x_wconf 74' lang='lat' dir='ltr'>teneanrt</span> <span class='ocrx_word' id='word_1_160' title='bbox 604 1673 792 1736; x_wconf 86' lang='lat' dir='ltr'>vitamque</span> <span class='ocrx_word' id='word_1_161' title='bbox 816 1673 953 1720; x_wconf 89' lang='lat' dir='ltr'>volunt</span> <span class='ocrx_word' id='word_1_162' title='bbox 970 1691 1041 1736; x_wconf 88' lang='lat' dir='ltr'>pro</span> <span class='ocrx_word' id='word_1_163' title='bbox 1062 1673 1171 1719; x_wconf 87' lang='lat' dir='ltr'>laude</span> <span class='ocrx_word' id='word_1_164' title='bbox 1190 1672 1340 1737; x_wconf 85' lang='lat' dir='ltr'>pacisci.</span> <span class='ocrx_word' id='word_1_165' title='bbox 1543 1689 1633 1734; x_wconf 62' lang='lat'>330</span> 
     </span>
     <span class='ocr_line' id='line_1_22' title="bbox 333 1744 1359 1809; baseline -0.004 -16"><span class='ocrx_word' id='word_1_166' title='bbox 333 1747 418 1794; x_wconf 84' lang='lat' dir='ltr'>Hos</span> <span class='ocrx_word' id='word_1_167' title='bbox 439 1746 616 1793; x_wconf 78' lang='lat' dir='ltr'>succeffus</span> <span class='ocrx_word' id='word_1_168' title='bbox 637 1746 725 1792; x_wconf 84' lang='lat' dir='ltr'>alit:</span> <span class='ocrx_word' id='word_1_169' title='bbox 750 1746 897 1809; x_wconf 67' lang='lat' dir='ltr'>possunt</span> <span class='ocrx_word' id='word_1_170' title='bbox 911 1780 923 1799; x_wconf 76' lang='grc'><em>,</em></span> <span class='ocrx_word' id='word_1_171' title='bbox 941 1744 1027 1808; x_wconf 85' lang='lat' dir='ltr'>quia</span> <span class='ocrx_word' id='word_1_172' title='bbox 1047 1746 1152 1809; x_wconf 83' lang='lat' dir='ltr'>poffe</span> <span class='ocrx_word' id='word_1_173' title='bbox 1170 1745 1359 1792; x_wconf 85' lang='lat' dir='ltr'>videntur.</span> 
     </span>
     <span class='ocr_line' id='line_1_23' title="bbox 336 1818 1190 1885; baseline -0.004 -17"><span class='ocrx_word' id='word_1_174' title='bbox 336 1825 384 1868; x_wconf 88' lang='lat' dir='ltr'>Et</span> <span class='ocrx_word' id='word_1_175' title='bbox 400 1821 478 1868; x_wconf 68' lang='lat' dir='ltr'>fors</span> <span class='ocrx_word' id='word_1_176' title='bbox 496 1821 648 1885; x_wconf 82' lang='lat' dir='ltr'>aequatis</span> <span class='ocrx_word' id='word_1_177' title='bbox 666 1820 845 1885; x_wconf 77' lang='lat' dir='ltr'>cepiffent</span> <span class='ocrx_word' id='word_1_178' title='bbox 862 1818 1014 1884; x_wconf 84' lang='lat' dir='ltr'>praemia</span> <span class='ocrx_word' id='word_1_179' title='bbox 1035 1819 1159 1866; x_wconf 87' lang='lat' dir='ltr'>rostris</span> <span class='ocrx_word' id='word_1_180' title='bbox 1177 1818 1190 1865; x_wconf 72' lang='grc' dir='ltr'>τ’</span> 
     </span>
     <span class='ocr_line' id='line_1_24' title="bbox 335 1889 1372 1958; baseline -0.004 -18"><span class='ocrx_word' id='word_1_181' title='bbox 335 1894 388 1941; x_wconf 85' lang='lat' dir='ltr'>Ni</span> <span class='ocrx_word' id='word_1_182' title='bbox 404 1931 415 1946; x_wconf 77' lang='grc'>,</span> <span class='ocrx_word' id='word_1_183' title='bbox 438 1894 573 1958; x_wconf 81' lang='lat' dir='ltr'>palmas</span> <span class='ocrx_word' id='word_1_184' title='bbox 593 1908 715 1958; x_wconf 89' lang='lat' dir='ltr'>ponto</span> <span class='ocrx_word' id='word_1_185' title='bbox 737 1892 895 1938; x_wconf 83' lang='lat' dir='ltr'>tendens</span> <span class='ocrx_word' id='word_1_186' title='bbox 915 1891 1111 1955; x_wconf 81' lang='lat' dir='ltr'>utrasque,</span> <span class='ocrx_word' id='word_1_187' title='bbox 1130 1889 1337 1937; x_wconf 85' lang='lat' dir='ltr'>Cloanthus</span> <span class='ocrx_word' id='word_1_188' title='bbox 1355 1901 1372 1945; x_wconf 72' lang='grc' dir='ltr'><strong><em>ζ</em></strong></span> 
     </span>
     <span class='ocr_line' id='line_1_25' title="bbox 336 1963 1345 2031; baseline -0.006 -16"><span class='ocrx_word' id='word_1_189' title='bbox 336 1968 575 2031; x_wconf 78' lang='lat' dir='ltr'>Fudiffetque</span> <span class='ocrx_word' id='word_1_190' title='bbox 598 1985 727 2031; x_wconf 85' lang='lat' dir='ltr'>preces</span> <span class='ocrx_word' id='word_1_191' title='bbox 744 2002 755 2020; x_wconf 81' lang='lat'>‚</span> <span class='ocrx_word' id='word_1_192' title='bbox 773 1965 971 2028; x_wconf 83' lang='lat' dir='ltr'>Divosque</span> <span class='ocrx_word' id='word_1_193' title='bbox 990 1964 1027 2010; x_wconf 87' lang='lat' dir='ltr'>in</span> <span class='ocrx_word' id='word_1_194' title='bbox 1045 1980 1135 2010; x_wconf 88' lang='lat' dir='ltr'>vota</span> <span class='ocrx_word' id='word_1_195' title='bbox 1156 1963 1345 2010; x_wconf 85' lang='lat' dir='ltr'>vocaffet:</span> 
     </span>
     <span class='ocr_line' id='line_1_26' title="bbox 338 2035 1629 2105; baseline -0.005 -17"><span class='ocrx_word' id='word_1_196' title='bbox 338 2045 389 2088; x_wconf 73' lang='lat' dir='ltr'>Di</span> <span class='ocrx_word' id='word_1_197' title='bbox 406 2078 418 2095; x_wconf 72' lang='lat'>,</span> <span class='ocrx_word' id='word_1_198' title='bbox 439 2041 570 2105; x_wconf 82' lang='lat' dir='ltr'>quibus</span> <span class='ocrx_word' id='word_1_199' title='bbox 590 2039 785 2104; x_wconf 83' lang='lat' dir='ltr'>imperium</span> <span class='ocrx_word' id='word_1_200' title='bbox 800 2038 850 2084; x_wconf 83' lang='lat' dir='ltr'>est</span> <span class='ocrx_word' id='word_1_201' title='bbox 865 2035 990 2102; x_wconf 76' lang='lat' dir='ltr'>pelagi</span> <span class='ocrx_word' id='word_1_202' title='bbox 1004 2073 1016 2091; x_wconf 73' lang='lat'>‚</span> <span class='ocrx_word' id='word_1_203' title='bbox 1031 2054 1190 2100; x_wconf 87' lang='lat' dir='ltr'>quorum</span> <span class='ocrx_word' id='word_1_204' title='bbox 1208 2035 1363 2099; x_wconf 86' lang='lat' dir='ltr'>aequora</span> <span class='ocrx_word' id='word_1_205' title='bbox 1381 2052 1493 2084; x_wconf 89' lang='lat' dir='ltr'>curro</span> <span class='ocrx_word' id='word_1_206' title='bbox 1508 2067 1521 2090; x_wconf 86' lang='lat'>-‚</span> <span class='ocrx_word' id='word_1_207' title='bbox 1543 2054 1595 2094; x_wconf 82' lang='lat'>23</span> <span class='ocrx_word' id='word_1_208' title='bbox 1610 2052 1629 2096; x_wconf 83' lang='lat'><em>5</em></span> 
     </span>
     <span class='ocr_line' id='line_1_27' title="bbox 339 2109 1443 2177; baseline -0.005 -17"><span class='ocrx_word' id='word_1_209' title='bbox 339 2115 463 2162; x_wconf 80' lang='lat' dir='ltr'>Vobis</span> <span class='ocrx_word' id='word_1_210' title='bbox 481 2114 587 2160; x_wconf 76' lang='lat' dir='ltr'>laetus</span> <span class='ocrx_word' id='word_1_211' title='bbox 609 2131 684 2177; x_wconf 74' lang='lat' dir='ltr'>ego</span> <span class='ocrx_word' id='word_1_212' title='bbox 709 2112 785 2159; x_wconf 87' lang='lat' dir='ltr'>hoc</span> <span class='ocrx_word' id='word_1_213' title='bbox 815 2111 1035 2157; x_wconf 81' lang='lat' dir='ltr'>candentem</span> <span class='ocrx_word' id='word_1_214' title='bbox 1056 2109 1095 2156; x_wconf 88' lang='lat' dir='ltr'>in</span> <span class='ocrx_word' id='word_1_215' title='bbox 1121 2109 1234 2156; x_wconf 88' lang='lat' dir='ltr'>litore</span> <span class='ocrx_word' id='word_1_216' title='bbox 1262 2123 1407 2155; x_wconf 86' lang='lat' dir='ltr'>taurum</span> <span class='ocrx_word' id='word_1_217' title='bbox 1439 2116 1443 2132; x_wconf 78' lang='lat'><em>³</em></span> 
     </span>
     <span class='ocr_line' id='line_1_28' title="bbox 342 2183 1343 2248; baseline -0.009 -11"><span class='ocrx_word' id='word_1_218' title='bbox 342 2189 577 2237; x_wconf 82' lang='lat' dir='ltr'>Constituam</span> <span class='ocrx_word' id='word_1_219' title='bbox 594 2203 679 2234; x_wconf 88' lang='lat' dir='ltr'>ante</span> <span class='ocrx_word' id='word_1_220' title='bbox 697 2206 771 2233; x_wconf 80' lang='lat' dir='ltr'>aras</span> <span class='ocrx_word' id='word_1_221' title='bbox 786 2223 798 2241; x_wconf 72' lang='lat'><em>‚</em></span> <span class='ocrx_word' id='word_1_222' title='bbox 817 2186 900 2233; x_wconf 81' lang='lat' dir='ltr'>voti</span> <span class='ocrx_word' id='word_1_223' title='bbox 919 2204 1002 2232; x_wconf 86' lang='lat' dir='ltr'>reus</span> <span class='ocrx_word' id='word_1_224' title='bbox 1017 2221 1030 2239; x_wconf 77' lang='grc'><em>,</em></span> <span class='ocrx_word' id='word_1_225' title='bbox 1049 2200 1207 2248; x_wconf 85' lang='lat' dir='ltr'>extaque</span> <span class='ocrx_word' id='word_1_226' title='bbox 1229 2183 1343 2229; x_wconf 86' lang='lat' dir='ltr'>salsos</span> 
     </span>
     <span class='ocr_line' id='line_1_29' title="bbox 340 2257 1323 2322; baseline -0.01 -11"><span class='ocrx_word' id='word_1_227' title='bbox 340 2263 543 2311; x_wconf 85' lang='lat' dir='ltr'>Porriciam</span> <span class='ocrx_word' id='word_1_228' title='bbox 562 2263 600 2308; x_wconf 87' lang='lat' dir='ltr'>in</span> <span class='ocrx_word' id='word_1_229' title='bbox 616 2261 749 2308; x_wconf 64' lang='lat' dir='ltr'>fluffiis</span> <span class='ocrx_word' id='word_1_230' title='bbox 765 2297 776 2315; x_wconf 77' lang='lat'>‚</span> <span class='ocrx_word' id='word_1_231' title='bbox 798 2260 838 2308; x_wconf 60' lang='grc' dir='ltr'>ὃς</span> <span class='ocrx_word' id='word_1_232' title='bbox 858 2259 942 2305; x_wconf 86' lang='lat' dir='ltr'>vina</span> <span class='ocrx_word' id='word_1_233' title='bbox 961 2258 1142 2322; x_wconf 82' lang='lat' dir='ltr'>liquentia</span> <span class='ocrx_word' id='word_1_234' title='bbox 1160 2257 1323 2302; x_wconf 79' lang='lat' dir='ltr'>fundam.</span> 
     </span>
     <span class='ocr_line' id='line_1_30' title="bbox 343 2330 1325 2399; baseline -0.009 -16"><span class='ocrx_word' id='word_1_235' title='bbox 343 2336 472 2390; x_wconf 66' lang='lat' dir='ltr'>Dixit,</span> <span class='ocrx_word' id='word_1_236' title='bbox 491 2354 652 2399; x_wconf 87' lang='lat' dir='ltr'>eumque</span> <span class='ocrx_word' id='word_1_237' title='bbox 671 2334 753 2381; x_wconf 84' lang='lat' dir='ltr'>imis</span> <span class='ocrx_word' id='word_1_238' title='bbox 779 2334 845 2380; x_wconf 87' lang='lat' dir='ltr'>sub</span> <span class='ocrx_word' id='word_1_239' title='bbox 866 2334 1037 2380; x_wconf 71' lang='lat' dir='ltr'>flufflbus</span> <span class='ocrx_word' id='word_1_240' title='bbox 1062 2330 1176 2378; x_wconf 85' lang='lat' dir='ltr'>audiit</span> <span class='ocrx_word' id='word_1_241' title='bbox 1202 2331 1325 2376; x_wconf 85' lang='lat' dir='ltr'>omnis</span> 
     </span>
     <span class='ocr_line' id='line_1_31' title="bbox 341 2403 1676 2474; baseline -0.004 -17"><span class='ocrx_word' id='word_1_242' title='bbox 341 2412 548 2457; x_wconf 83' lang='lat' dir='ltr'>Nereidum</span> <span class='ocrx_word' id='word_1_243' title='bbox 568 2410 782 2473; x_wconf 85' lang='lat' dir='ltr'>Phorcique</span> <span class='ocrx_word' id='word_1_244' title='bbox 803 2409 938 2455; x_wconf 87' lang='lat' dir='ltr'>chorus</span> <span class='ocrx_word' id='word_1_245' title='bbox 954 2444 966 2462; x_wconf 77' lang='grc'><em>,</em></span> <span class='ocrx_word' id='word_1_246' title='bbox 989 2412 1251 2470; x_wconf 78' lang='lat' dir='ltr'>Panopaeaque</span> <span class='ocrx_word' id='word_1_247' title='bbox 1269 2403 1403 2469; x_wconf 84' lang='lat' dir='ltr'>virgo:</span> <span class='ocrx_word' id='word_1_248' title='bbox 1540 2421 1632 2458; x_wconf 81' lang='lat'>240</span> <span class='ocrx_word' id='word_1_249' title='bbox 1674 2472 1676 2474; x_wconf 23' lang='grc'>-</span> 
     </span>
     <span class='ocr_line' id='line_1_32' title="bbox 340 2485 1275 2550; baseline -0.007 -19"><span class='ocrx_word' id='word_1_250' title='bbox 340 2487 389 2532; x_wconf 84' lang='lat' dir='ltr'>Et</span> <span class='ocrx_word' id='word_1_251' title='bbox 407 2501 511 2550; x_wconf 83' lang='lat' dir='ltr'>pater</span> <span class='ocrx_word' id='word_1_252' title='bbox 531 2485 609 2550; x_wconf 80' lang='lat' dir='ltr'>ipse</span> <span class='ocrx_word' id='word_1_253' title='bbox 628 2502 739 2531; x_wconf 89' lang='lat' dir='ltr'>manu</span> <span class='ocrx_word' id='word_1_254' title='bbox 764 2501 894 2549; x_wconf 78' lang='lat' dir='ltr'>magna</span> <span class='ocrx_word' id='word_1_255' title='bbox 918 2486 1101 2529; x_wconf 87' lang='lat' dir='ltr'>Portunus</span> <span class='ocrx_word' id='word_1_256' title='bbox 1123 2494 1275 2527; x_wconf 85' lang='lat' dir='ltr'>euntem</span> 
     </span>
    </p>
   </div>
  </div>
 </body>
</html>
