1715 3028
311 151 405 200 354
566 105 1280 182 ⁷P.-‡V1*RGJL11

308 245 411 289 Dant
428 242 580 289 animos.
610 244 656 287 At
678 260 753 287 non
771 240 947 287 viderunt
967 241 1107 288 moenia
1124 243 1254 305 Trojae

309 316 479 381 Neptuni
498 314 672 361 fabricata
689 333 799 360 manu
821 314 1016 362 considere
1038 314 1074 360 in
1094 314 1190 379 ignis
1210 322 1223 361 ?

311 390 384 436 Sed
406 408 476 435 vos
491 426 503 444 ‚
523 408 546 435 o
566 388 651 434 leffi
667 424 679 442 ‚
696 387 797 435 ferro
819 387 883 452 qui
907 387 1075 434 scindere
1098 389 1236 434 vallum

312 466 478 526 Apparat
493 497 505 515 ,
529 461 567 508 ἃ
588 479 733 507 mecum
752 461 893 508 invadit
910 461 1133 526 trepidantia
1151 461 1290 508 castra?

315 539 407 582 Non
427 534 534 581 armis
552 534 646 581 mihi
663 535 826 581 Volcani
839 570 855 591 -,
878 554 955 582 non
976 534 1080 581 mille
1100 533 1232 580 carinis

313 609 373 655 Est
395 627 491 672 opus
512 608 547 653 in
566 611 735 655 Teucros
755 630 763 654 ε
785 609 919 655 addant
938 608 974 655 se
993 626 1174 672 protenus
1196 625 1328 654 omnes

314 680 460 727 Etrusci
481 680 617 727 socios.
638 682 829 728 Tenebras
843 718 854 736 ‚
874 682 913 729 ἃ
937 681 1069 728 inertia
1088 682 1181 729 furta

315 753 496 807 Palladii,
513 753 609 801 caefis
630 754 777 800 summae
796 754 1007 802 custodibus
1025 754 1117 800 arcis
1135 790 1147 808 .,

318 828 380 872 Ne
398 825 551 872 timeant
569 846 576 870 :
600 843 668 871 nec
688 826 777 889 equi
797 845 895 872 caeca
919 826 1128 872 condemur
1148 825 1185 871 in
1205 824 1291 871 alvo
1311 844 1320 869 :

320 901 419 944 Luce
435 933 447 950 ᾖ
469 897 588 961 palam
604 933 616 951 .,
637 914 778 950 certum
803 898 852 944 est
869 898 950 962 igni
971 896 1198 943 circumdare
1217 915 1355 944 muros.

321 971 427 1018 Haud
447 970 511 1016 fibi
532 989 614 1016 cum
632 971 768 1017 Danais
795 989 873 1016 rem
897 969 983 1015 faxo
1010 969 1048 1015 ὅ(
1073 969 1171 1032 pube
1191 969 1344 1032 Pelasga

322 1046 405 1092 Effe
427 1062 578 1109 putent,
599 1045 784 1092 decimum
804 1064 900 1109 quos
919 1044 1054 1091 distulit
1072 1044 1213 1090 Hector
1231 1044 1267 1089 in
1288 1059 1436 1089 annum.

324 1120 437 1166 Nunc
456 1118 552 1164 adeo
569 1151 581 1171 ,
603 1118 739 1164 melior
760 1117 938 1181 quoniam
957 1136 1037 1181 pars
1055 1117 1130 1162 asta
1150 1115 1252 1169 diei,

326 1192 447 1253 Quod
466 1190 628 1255 superest
643 1227 655 1244 ,
673 1191 748 1238 laeti
768 1192 866 1238 bene
885 1191 993 1255 gestis
1013 1208 1178 1254 corpora
1197 1189 1310 1238 rebus

327 1268 529 1310 Procurate
549 1298 561 1316 ,
581 1262 651 1310 viri
667 1284 680 1317 3
698 1262 738 1309 δε
756 1281 919 1328 pugnam
941 1263 1085 1327 sperate
1105 1263 1233 1327 parati.
1338 1262 1341 1263 ⁷

328 1344 474 1386 Interea
493 1337 649 1402 vigilum
672 1338 837 1384 excubiis
859 1337 1029 1384 obfidere
1044 1353 1170 1403 portas

332 1416 434 1459 Cura
451 1413 555 1458 datur
571 1411 745 1476 Messapo
762 1448 774 1466 ‚
794 1410 833 1458 ἃ
853 1411 994 1457 moenia
1013 1412 1166 1475 cingere
1185 1411 1353 1458 flammis.

332 1485 392 1533 Bis
413 1484 553 1547 septem
573 1519 584 1536 ,
599 1484 739 1529 Rutulo
760 1501 885 1530 muros
907 1483 969 1545 qui
990 1482 1107 1528 milite
1127 1483 1301 1537 servent,

334 1556 507 1603 Deleffi:
529 1555 577 1601 ast
596 1554 684 1600 illos
702 1554 850 1600 centeni
875 1572 1062 1617 quemque
1087 1554 1292 1617 sequuntur

336 1626 517 1692 Purpurei
543 1626 654 1673 cristis
675 1627 829 1688 juvenes
843 1661 855 1680 ,
878 1645 1046 1690 auroque
1065 1627 1237 1672 corusci:

339 1701 584 1751 Discurrunt,
603 1697 820 1761 variantque
838 1698 939 1745 vices
955 1735 965 1752 ‚
986 1698 1128 1763 fusique
1149 1718 1217 1765 per
1237 1700 1390 1748 herbam

338 1773 537 1836 Indulgent
558 1771 649 1817 vino
667 1807 679 1825 ‚
698 1770 737 1818 ὅ(
755 1787 907 1817 vertunt
927 1786 1084 1818 crateras
1102 1791 1230 1836 aensos.

339 1845 549 1894 Collucent
570 1843 676 1907 ignes
691 1865 704 1906 ¹:
729 1844 877 1891 nouem
904 1845 1068 1891 custodia
1090 1844 1193 1892 ducit

342 1917 553 1964 Insomnem
572 1916 676 1962 ludo.
1280 1920 1297 1933 '

343 1994 435 2037 Haec
454 1990 563 2054 super
583 2008 603 2036 e
621 1989 722 2036 vasso
743 1990 980 2054 prospestant
995 1994 1115 2038 Troes
1130 2027 1142 2046 ‚
1163 1991 1203 2039 &
1219 1991 1327 2039 armis

345 2065 430 2111 Alta
448 2079 604 2111 tenent:
628 2060 700 2111 'nec
726 2083 802 2111 non
821 2063 954 2128 trepidi
972 2064 1175 2111 formidine
1197 2083 1322 2129 portas

347 2139 557 2203 Explorant
572 2175 584 2192 ,
602 2139 814 2203 pontesque
837 2138 876 2185 &
896 2140 1178 2204 propugnacula
1195 2140 1357 2204 'jungunt
1375 2161 1393 2194 ε,
1458 2121 1460 2123 ¹

347 2213 442 2259 Tela
460 2228 604 2276 gerunt.
624 2212 758 2258 Instant
776 2211 993 2257 Mnestheus
1009 2231 1168 2276 acerque
1184 2213 1342 2259 Serestus
1361 2234 1371 2259 ι

351 2288 462 2346 Quos
483 2301 586 2349 pater
609 2289 743 2332 AEneas
757 2321 768 2338 ,
784 2284 809 2331 fi
828 2286 977 2349 quando
999 2286 1149 2332 adversa
1169 2303 1350 2334 vocarent
1369 2324 1383 2344 ‚

352 2358 531 2405 Reuores
554 2359 706 2422 juveni,
726 2359 764 2406 ἃ
782 2377 904 2406 rerum
929 2360 1033 2406 dedit
1055 2360 1127 2406 effe
1147 2359 1350 2424 magistros.

354 2433 487 2479 Omnis
504 2451 571 2497 per
587 2452 712 2482 muros
729 2433 835 2498 legio
853 2469 865 2491 ‚
883 2433 1010 2482 sortita
1027 2432 1208 2500 periclum
1224 2469 1236 2489 ‚

1521 329 1602 374 145

1525 701 1612 746 150
1650 700 1671 724 ὃ

1532 1059 1615 1105 ¹55

1539 1415 1623 1458 160

1543 1780 1625 1836 165

1544 2158 1631 2199 170
