1715 3028
299 135 410 182 3172
575 122 1283 179 3P.V1RG1L11

313 227 515 273 Labentem
535 227 652 291 pietas
672 264 684 282 ‚
713 246 783 274 nec
800 228 993 292 Apollinis
1014 229 1130 277 infula
1149 232 1254 280 texit.

309 299 413 360 Iliaci
433 301 575 347 cineres
594 336 605 354 ,
630 301 670 348 ἃ
690 300 838 349 flamma
857 317 1021 350 extrema
1040 323 1211 352 meorum
1228 343 1241 361 ‚

312 374 449 421 Testor
467 411 479 429 ‚
503 375 540 421 in
561 377 693 422 occasu
715 376 837 424 vestro
852 413 864 432 ,
890 396 960 425 nec
980 379 1085 435 tela,
1110 399 1180 427 nec
1197 381 1288 428 ullas

310 448 488 495 Vitaviffe
505 449 606 496 vices
626 454 794 498 Danaum
811 473 823 507 3
844 452 884 500 ὅ(
898 489 911 508 ‚
932 452 957 498 fi
976 453 1047 500 fata
1066 454 1215 501 fuissent
1235 491 1248 510 ‚

310 523 364 567 Ut
383 522 554 570 caderem
568 560 579 577 ,
608 526 779 573 meruisse
799 545 916 574 manu.
937 527 1163 575 Divellimur
1182 529 1290 586 inde:

310 594 452 658 Iphitus
469 596 509 642 &
527 597 646 644 Pelias
665 618 833 647 mecum:
855 619 1016 665 quorum
1035 601 1176 665 Iphitus
1196 622 1281 649 aevo

308 669 386 714 Jam
407 670 559 732 gravior
576 708 588 726 .,
610 674 726 721 Pelias
748 675 788 722 &
807 675 962 722 vulnere
983 676 1106 722 tardus
1123 675 1254 731 Ulixi,

308 741 485 789 Protinus
507 745 552 790 ad
582 746 687 793 sedes
711 747 844 794 Priami
868 748 1033 795 clamore
1058 750 1198 795 vocati.

309 813 382 859 Hic
400 834 494 862 vero
515 816 706 883 ingentem
731 838 893 885 pugnam
907 857 919 874 ‚
939 840 1008 867 ceu
1027 836 1150 867 cetera
1171 820 1350 885 nusquam

309 889 412 935 Bella
429 889 557 938 forent
577 929 589 947 ‚
618 895 711 941 nulli
731 911 809 942 tota
830 895 1124 943 morerenturin
1145 896 1258 941 urbe:

309 961 371 1007 Sic
388 966 549 1012 Martem
568 967 794 1016 indomitum
811 1006 823 1024 ,
842 970 1070 1033 Danaosque
1089 970 1134 1015 ad
1157 969 1250 1015 terra
1271 969 1415 1019 ruentis

308 1037 507 1085 Cernimus
523 1077 535 1095 ‚
563 1042 824 1107 obsessumque
843 1045 920 1091 asra
940 1044 1120 1103 testudine
1146 1044 1273 1089 limen.

305 1113 464 1160 Haerent‘
478 1116 680 1179 parietibus
701 1119 831 1172 scalae,
850 1119 1050 1183 postesque
1071 1119 1136 1164 sub
1157 1118 1259 1180 ipsos

307 1187 487 1234 Nituntur
512 1190 685 1252 gradibus
703 1227 715 1246 ‚
740 1191 961 1256 clipeosque
980 1193 1025 1238 ad
1046 1192 1120 1238 tela
1140 1190 1284 1237 sinistris

306 1262 471 1306 Proreffi
491 1263 678 1324 objiciunt
697 1286 705 1310 :
734 1265 909 1329 prensam
929 1265 1069 1326 fastigia
1088 1264 1238 1311 dextris.

304 1335 528 1382 Dardanidae
548 1354 678 1385 contra
699 1339 807 1386 turris
825 1359 867 1386 ac
888 1340 982 1386 tecla
999 1341 1201 1387 domorum

305 1409 483 1456 Culmina
503 1412 723 1459 convellunt
742 1435 750 1458 :
771 1414 826 1459 his
847 1414 884 1461 se
899 1450 912 1468 ‚
930 1414 1083 1477 quando
1102 1414 1227 1459 ultima
1248 1429 1405 1458 cernunt
1425 1447 1440 1466 ‚

228 1527 236 1533 e
306 1485 480 1530 Extrema
503 1487 575 1549 jam
599 1487 636 1532 in
657 1504 780 1533 morte
801 1503 929 1551 parant
948 1488 1150 1533 defendere
1171 1486 1277 1533 telis:

305 1556 534 1620 Auratasque
557 1559 677 1605 trabes
693 1594 705 1613 ‚
727 1574 898 1605 veterum
917 1559 1056 1606 decora
1073 1560 1144 1606 alra
1163 1574 1356 1624 parentum
1370 1594 1382 1613 ‚

303 1630 536 1677 Devolvunt.
572 1631 647 1678 Alii
668 1632 795 1678 striffis
815 1633 1054 1680 mucronibus
1075 1633 1162 1679 imas

305 1705 502 1759 Qbsedere
520 1706 645 1754 fores:
666 1708 728 1754 has
751 1708 898 1754 servant
916 1708 1064 1772 agmine
1082 1708 1215 1754 denso.

302 1779 493 1829 Instaurati
512 1780 624 1828 animi
643 1818 656 1836 ‚
682 1782 780 1846 regis
802 1783 1014 1829 succurrere
1032 1782 1137 1828 testis
1158 1818 1170 1836 ,

305 1854 540 1919 Auxilioque
559 1856 686 1903 levare
707 1856 810 1903 viros
825 1891 838 1910 ,
864 1856 1016 1920 vimque
1035 1856 1173 1902 addere
1192 1855 1311 1902 viffis.

302 1928 430 1974 Limen
451 1939 528 1975 erat
542 1965 555 1984 ‚
581 1948 766 1993 caecaeque
786 1930 886 1977 fores
900 1965 912 1984 ‚
932 1929 972 1977 ὅ(
1003 1929 1152 1994 pervius
1174 1930 1270 1976 usus.

302 2001 506 2048 Te&orum
526 2003 621 2049 inter
641 2003 679 2050 se
698 2003 857 2057 Priami,
878 2002 1078 2067 postesque
1097 2002 1215 2048 reliffi

302 2077 336 2120 A
363 2089 474 2138 tergo
494 2096 503 2121 :
531 2075 661 2122 infelix
681 2095 752 2140 qua
770 2076 807 2122 se
821 2112 834 2130 .,
859 2076 947 2122 dum
966 2094 1081 2140 regna
1107 2076 1335 2129 manebann'

301 2148 445 2209 Saepius
462 2148 725 2195 Andromache
742 2148 840 2194 ferre
858 2147 1072 2195 incomitata
1096 2147 1239 2194 solebat

301 2221 363 2267 Ad
383 2221 536 2269 soceros
557 2259 570 2278 ‚
595 2223 634 2270 ὅτ.
651 2243 724 2270 avo
744 2242 899 2287 puerum
916 2223 1135 2288 Astyanasla
1154 2220 1332 2268 trahebat.

303 2294 435 2340 Evado
463 2295 509 2340 ad
538 2295 666 2341 summi
695 2295 836 2359 fastigia
860 2294 1053 2341 culminis:
1072 2294 1171 2340 unde

302 2367 397 2412 Tela
424 2385 531 2414 manu
553 2368 675 2415 miseri
699 2369 882 2432 jassabant
908 2369 1007 2415 irrita
1033 2367 1181 2414 Teucri.

302 2440 452 2487 Turrim
471 2441 509 2488 in
528 2441 711 2507 praecipiti
731 2443 880 2489 stantem
899 2478 912 2497 ‚
942 2440 1165 2504 summisque
1186 2439 1250 2487 sub
1270 2441 1361 2488 astra

1453 250 1457 253 ,
1515 251 1614 296 439,

1509 623 1600 665 ¹435

1512 989 1603 1025 440

1510 1358 1597 1401 445

1509 1725 1599 1767 450

1468 2095 1588 2139 '455

1495 2447 1588 2497 460
