1715 3028
330 156 423 207 3²²·
492 143 548 189 P.
576 143 845 190 VIRGILII
877 140 1215 188 AENEIDOS
1241 143 1359 188 LIB.
1387 143 1496 191 VII.

330 250 410 312 Qui
430 249 538 296 saltus
555 285 567 303 ‚
585 247 764 295 Tiberine
781 284 794 302 ‚
817 263 902 295 tuos
920 284 933 303 ,
959 249 1175 313 sacrumque
1196 249 1347 297 Numici

331 323 430 370 Litus
449 337 576 375 arant,
597 320 833 384 Rutulosque
854 336 1030 368 exercent
1055 341 1211 381 vomere
1238 324 1345 371 collis
1363 360 1378 379 ‚

331 396 595 459 Circaeumque
618 396 776 460 jugitur,
798 395 879 459 quis
899 396 1067 460 Iuppiter
1087 403 1258 444 Anxurus
1284 398 1380 444 arvis

329 470 504 520 Praefidet
520 506 532 524 ,
554 469 594 517 ἃ
615 469 724 516 viridi
745 471 905 535 gaudens
926 471 1084 518 Peronia
1104 472 1218 519 luco:
1267 483 1289 493 ”
1533 478 1627 520 800

331 548 421 606 Qua
442 547 581 590 Saturae
595 544 692 608 jacet
711 559 787 591 atra
807 545 911 609 palus
929 581 941 599 ‚
964 544 1187 610 gelidusque
1205 564 1272 610 per
1290 546 1381 594 imas

331 617 486 682 Quaerit
508 617 579 665 iter
597 617 703 664 vallis
717 654 729 672 ‚
745 632 856 682 atque
876 618 912 665 in
932 637 1031 665 mare
1052 620 1228 666 conditur
1243 621 1374 667 Ufens.

399 695 481 740 Hos
501 692 611 756 super
629 690 782 738 advenit
798 691 938 738 Volsca
955 691 1002 738 de
1024 708 1134 756 gente
1156 693 1314 740 Camilla
1334 729 1347 748 ‚

334 769 485 831 Agmen
507 785 621 831 agens
641 765 829 829 equitum,
849 765 888 812 δε
906 765 1078 813 florentis
1096 786 1169 813 aere
1190 752 1352 814 caterva-s
1373 803 1386 823 ,

337 836 540 887 Bellatrix:
565 858 643 886 non
664 839 726 885 illa
748 839 838 886 colo
858 874 870 893 ‚
891 838 1091 886 calathisve
1109 841 1297 888 Minervae
1539 844 1626 901 805

336 915 528 962 Femineas
547 915 680 960 affueta
697 932 850 967 manus3
871 913 934 959 sed
955 913 1089 977 proelia
1109 916 1220 978 virgo

337 994 441 1037 Dura
458 990 558 1054 pati,
577 988 758 1052 cursuque
775 988 910 1052 pedum
932 1003 1161 1051 praevertere
1181 1006 1330 1036 ventos.

337 1065 405 1112 Illa
422 1065 483 1112 vel
501 1064 641 1110 intaRae
663 1061 798 1126 segetis
816 1080 884 1126 per
907 1061 1044 1108 summa
1067 1062 1215 1109 volaret

341 1138 519 1186 Gramina
536 1173 548 1192 ‚
567 1155 636 1184 nec
657 1152 802 1183 teneras
823 1135 929 1182 cursu
949 1135 1091 1182 laefiss'et
1108 1136 1227 1182 aristas
1245 1156 1255 1181 z

340 1214 416 1260 Vel
436 1231 536 1259 mare
558 1230 624 1276 per
643 1210 804 1257 medium
819 1247 831 1266 ,
852 1208 964 1256 fluElu
991 1209 1160 1274 suspensa
1177 1209 1335 1257 tumenti
1353 1223 1369 1266 ‚‘
1542 1214 1567 1256 8
1581 1225 1636 1255 xo

342 1290 472 1333 Ferret
491 1286 562 1332 iter
577 1321 589 1339 ,
607 1284 739 1331 celeris
759 1302 828 1330 nec
846 1283 1007 1348 tingeret
1024 1303 1179 1347 aequore
1196 1283 1351 1348 plantas.

343 1359 448 1406 Illam
469 1358 590 1405 omnis
613 1356 717 1403 testis
742 1356 915 1420 agrisque
940 1357 1054 1404 effusa
1070 1358 1244 1420 juventus

345 1434 547 1496 Turbaque
564 1433 712 1478 miratur
732 1447 886 1477 matrum
903 1467 913 1485 ‚
935 1431 975 1478 ἃ
996 1431 1209 1495 prospectat
1227 1445 1377 1476 euntem
1395 1442 1412 1485 ,“

347 1506 527 1554 Attonitis
548 1505 692 1551 inhians
709 1505 861 1559 animis:
881 1521 921 1550 ut
939 1504 1064 1567 regius
1086 1504 1187 1549 ostro
1316 1553 1320 1555 ‚

346 1582 463 1627 Velet
488 1580 613 1626 honos
630 1579 722 1625 levis
745 1578 919 1624 humeros
935 1615 947 1632 ‚
966 1593 1007 1623 ut
1029 1577 1140 1623 fibula
1165 1576 1304 1623 crinem
1545 1580 1569 1623 8
1583 1594 1598 1620 1
1612 1590 1640 1639 ἦ

349 1656 456 1698 Auro
475 1651 723 1705 interrieclass
743 1651 891 1714 Lyciam
910 1668 949 1696 ut
971 1665 1074 1714 gerat
1095 1649 1172 1713 ipsa
1192 1650 1397 1714 pharetram
1410 1683 1427 1705 ,

352 1728 400 1771 Et
419 1724 637 1789 pastoralem
657 1723 806 1788 praefixa
824 1722 975 1786 cuspide
992 1737 1164 1787 myrtum.

1085 1924 1247 1947 4....-
