1715 3028
300 133 391 198 με
635 134 689 181 R
767 133 1268 182 VIRGJLJI

299 244 350 288 At
373 259 450 288 non
472 236 521 287 'fic
538 240 720 304 Phrygius
742 255 914 304 penetrat
930 242 1196 288 Lacedaemona
1219 241 1371 307 pastor„
1394 216 1404 220 -

297 314 544 378 Ledaeamque
565 314 745 360 Helenam
760 315 943 377 Troianas
966 315 1069 361 vexit
1086 316 1132 361 ad
1154 317 1274 363 urbes.

302 389 408 450 Quid
426 404 486 434 tua
505 387 626 433 sancla
643 386 764 434 fides?
783 387 872 452 quid
889 406 973 434 cura
993 387 1140 453 antiqu-a
1158 405 1308 436 tuorum
1323 423 1337 444 ,

302 464 349 510 Et
370 462 654 527 consanguineo
675 462 788 510 toties
809 463 892 509 data
915 464 1066 509 dextera
1082 466 1245 510 Turno?

301 536 339 582 Si
360 554 477 600 gener
496 551 648 582 externa
666 536 805 601 petitur
822 537 870 583 de
888 553 1002 602 gente
1023 536 1188 591 Latinis,

303 611 421 674 quue
444 610 573 665 sedet,
594 611 785 675 Faunique
803 627 977 676 premunt
993 628 1032 658 -te
1050 612 1139 675 juffa
1159 612 1346 677 parentis;

305 688 473 731 Omnem
494 685 669 749 equidem
691 685 845 750 sceptris
864 701 998 733 terram
1018 704 1101 749 quae
1120 685 1237 733 libera
1255 680 1387 734 nostris

304 760 461 807 Diffidet
475 795 487 814 ‚
504 775 692 807 externam
712 778 801 807 reor
813 792 829 814 -‚
855 759 895 807 &
913 759 961 806 fic
981 759 1107 806 dicere
1124 760 1259 807 Divos.

307 840 352 883 Et
374 840 506 883 Turno
521 871 533 890 ‚
557 835 582 882 fi
609 832 725 901 prima
746 837 881 883 domus
900 851 1089 901 repetatur
1109 834 1221 901 origo
1236 870 1250 889 ‚

307 908 462 957 Inachus
489 908 725 973 Acrisiusque
744 924 867 974 patres
884 945 896 964 ‚
916 909 1125 972 mediaeque
1145 911 1337 973 Mycenae„

307 982 374 1030 His
399 981 462 1029 ubi
483 981 736 1045 nequidquam
754 982 860 1029 diffis
880 997 1033 1046 experta
1048 1017 1060 1035 ‚
1077 980 1248 1027 Latinum

259 1064 263 1067 *
310 1059 459 1101 Contra
477 1055 567 1102 stare
589 1054 693 1101 videt
711 1089 723 1109 ‚
748 1055 973 1120 penitusque
991 1054 1029 1100 in
1049 1053 1193 1100 viscera
1211 1048 1354 1118 lapsum

311 1127 503 1192 Serpentis
519 1127 651 1175 furiale
676 1129 813 1175 malum
828 1165 841 1184 ‚
859 1143 1054 1192 totamque
1074 1141 1267 1193 pererrat;

311 1203 410 1247 Tum
429 1220 523 1249 vero
544 1201 671 1248 infelix
691 1238 703 1258 ,
726 1202 939 1267 ingentibus
959 1201 1079 1249 excita
1097 1199 1266 1248 monstris
1286 1237 1298 1256 ‚

309 1274 533 1322 Immensam
552 1273 628 1321 sine
647 1294 755 1322 more
775 1274 864 1321 furit
881 1274 1071 1340 lymphata
1089 1293 1157 1339 per
1175 1273 1306 1321 urbem
1324 1279 1334 1320 fi

313 1352 399 1396 Ceu
422 1350 615 1413 quondam
636 1365 741 1397 torto
762 1349 925 1397 volitans
946 1349 1011 1396 sub
1031 1349 1189 1396 verbere
1210 1349 1321 1396 turbo
1335 1383 1351 1404 .,

314 1424 442 1483 Quem
464 1421 571 1486 pueri
590 1440 727 1487 magno
749 1421 785 1468 in
805 1440 904 1486 gyro
924 1439 1040 1468 vacua
1058 1419 1148 1467 atria
1170 1420 1308 1468 circum

314 1494 454 1541 Intenti
472 1495 564 1541 ludo
585 1510 760 1541 exercent
779 1515 787 1540 :
810 1494 874 1540 ille
894 1493 993 1540 aetus
1013 1493 1154 1539 habena

319 1563 494 1614 Curvatis
511 1566 628 1613 fertur
646 1563 790 1630 spatiis:
813 1565 934 1629 stupet
954 1562 1068 1610 inscia
1085 1563 1193 1628 supra

319 1640 570 1705 Impubesque
589 1658 717 1686 manus
731 1675 742 1693 ‚
761 1638 889 1685 mirata
907 1637 1079 1684 volubile
1097 1637 1236 1682 buxum
1253 1656 1263 1681 z

322 1716 422 1760 Dant
441 1710 582 1759 animos
604 1712 739 1777 plagae.
767 1714 857 1758 Non
878 1710 983 1757 cursu
1005 1707 1161 1774 segnior
1177 1705 1249 1755 illo

324 1791 396 1835 Per
416 1786 555 1833 medias
575 1786 674 1832 urbis
698 1784 820 1851 agitur
842 1784 1084 1850 populosque
1102 1783 1262 1830 feroces„

327 1859 436 1923 Quin
455 1858 566 1907 etiam
587 1858 622 1906 in
642 1855 746 1905 stlvas
764 1895 776 1914 ‚
793 1855 962 1906 simulato
983 1856 1132 1904 numine
1150 1854 1310 1910 Bacchi,

328 1935 455 1995 Maius
475 1934 605 1981 adorta
629 1933 729 1979 nefas
746 1970 759 1988 ‚
778 1930 1037 1996 majoremque
1056 1929 1137 1978 orsa
1157 1929 1322 1977 furorem
1342 1962 1357 1986 9

331 2006 494 2059 Evolat,
515 2006 554 2052 ὅ(
573 2019 691 2050 natam
707 2002 892 2050 frondosis
913 2002 1103 2060 montibus
1121 2002 1248 2057 abdit3

334 2082 426 2140 Quo
450 2078 647 2124 thalamum
667 2074 800 2141 eripiat
815 2075 973 2123 Teucris
987 2112 999 2130 ,
1018 2075 1204 2139 taedasque
1223 2089 1390 2121 moretur
1408 2094 1419 2119 ι

334 2155 432 2200 Evoe
452 2151 592 2197 Bacche
607 2186 620 2201 ,
638 2150 799 2197 fremens
813 2187 824 2205 ,
846 2149 966 2197 solum
985 2166 1022 2197 te
1041 2149 1189 2214 virgine
1209 2148 1366 2212 dignum
1381 2184 1395 2204 ,

334 2225 579 2273 Vociferans:
599 2226 735 2271 etenim
754 2224 878 2271 mollis
901 2224 968 2271 tibi
986 2225 1129 2270 sumere
1149 2222 1295 2287 thyrsos
1310 2259 1322 2278 ‚

338 2304 394 2346 Te
416 2299 564 2346 lustrare
581 2299 720 2346 choros
735 2336 746 2353 ‚
767 2299 905 2346 sacrum
929 2300 996 2346 tibi
1016 2299 1166 2364 pascere
1186 2296 1338 2343 crinem.

298 2392 305 2398 ·
340 2376 448 2418 Fama
467 2374 571 2419 volat
589 2394 597 2418 z
626 2372 818 2437 Furiisque
836 2373 1004 2419 accensas
1023 2373 1176 2437 peclore
1196 2387 1327 2417 matres

343 2445 445 2492 ldem
463 2445 584 2492 omnis
602 2444 707 2491 sunul
724 2446 835 2493 ardor
852 2445 930 2510 agit
948 2482 960 2502 ,
980 2464 1079 2492 nova
1100 2463 1267 2508 quaerere
1287 2445 1393 2492 τεὼ.

1508 747 1617 818 376

1517 1140 1603 1186 375

1527 1496 1616 1550 380

1537 2232 1627 2285 390
