1715 3028
358 179 415 228 18
685 181 739 228 P.
811 183 1320 231 VIRGJLJJ

547 311 662 357 Po
695 311 731 357 L
764 311 801 357 L
835 288 1456 371 1''o,³EcL0G·A·1‘-v·.

671 437 1449 492 ARGUMENTUM„2

295 553 299 557 ,
348 527 391 568 In
407 528 473 568 hac
489 526 627 581 Ecloga
640 527 1001 580 interpretandadici
1016 528 1215 581 vixpotest
1231 526 1246 576 ,'
1268 520 1540 582 qnam'inane'm
1553 531 1650 586 ope-

350 636 352 638 ,
399 605 481 630 mm
496 591 566 628 viri
591 589 688 628 docti
701 603 797 630 vana
812 590 986 643 religione
1009 592 1106 642 capti
1127 584 1381 629 nav-'averifits
1399 590 1650 632 Vaticinatioss

404 665 490 690 nem
507 649 668 703 Sibyllae
680 649 729 689 de
740 648 882 690 Christi*
893 650 1072 692 natalibus
1086 650 1290 704 expreffam
1307 650 1379 690 effe
1391 681 1405 698 ,
1422 665 1543 705 quam
1554 652 1651 693 Vir:-

399 714 502 768 gilins
517 709 701 765 ingeniose
715 711 763 749 ad
778 712 914 751 natales
925 712 1061 767 ⁴nobilis·
1076 713 1178 765 pueri
1193 710 1414 751 transtulerit
1426 742 1440 759 ‚
1463 711 1538 765 jam
1560 703 1650 754 Lac}

399 775 538 815 tantius
552 805 564 822 ‚
583 774 667 827 Inst.
686 769 760 812 VII
771 804 785 820 ,
803 788 853 822 24
864 764 1203 826 ,δι”ίοηβαηϊί-ήῑις
1219 774 1280 811 M.
1296 774 1333 811 in
1355 765 1458 812 Orat.
1477 776 1527 813 ad
1533 776 1651 815 Sanc-

401 851 512 877 torum
535 848 666 875 coetum
682 867 696 883 ‚
717 845 850 892 graece
867 835 1007 874 reddita
1028 851 1048 873 a
1068 850 1142 874 non
1158 835 1308 874 indoclo
1321 829 1474 891 ‘homine
1483 868 1501 890 ρ
1527 839 1651 893 Ειιῇε-

399 889 1650 951 mffimaewmafflmfflfflmstmstfflqufflme

398 963 516 1007 voluit
528 992 541 1009 ,
555 960 699 1015 ejusque
715 959 968 1003 au&oritatem
984 960 1055 999 viri
1066 960 1162 999 docti
1176 960 1287 999 secuti
1306 960 1385 999 sunt
1399 961 1560 1016 plerique
1570 962 1651 1003 011'1-

398 1040 463 1065 nes
473 1055 486 1072 ,
505 1025 550 1065 de
566 1026 626 1063 via
639 1038 682 1061 ac
697 1025 837 1063 ratione
851 1034 994 1062 tantum
1005 1021 1142 1061 solliciti
1154 1051 1168 1069 ,
1191 1023 1507 1075 quarecoriditum
1520 1024 1647 1079 hujus}-

398 1086 502 1128 modi
525 1085 744 1126 vaticinium
772 1085 818 1124 ad
842 1085 1033 1124 Roma-nos
1056 1086 1250 1137 pervenire
1277 1086 1448 1137 potuerit.
1466 1086 1567 1126 Vide
1587 1089 1649 1136 iri-3

399 1151 526 1204 primis
553 1148 765 1188 Chandler's
784 1147 1017 1186 Vindicatzon
1040 1146 1090 1198 of
1105 1147 1162 1184 tlze
1182 1146 1318 1200 deflenft
1342 1148 1394 1199 of
1411 1147 1646 1200 Christianity

398 1212 504 1268 Book
516 1211 576 1260 II,
597 1211 651 1249 clz.
670 1226 690 1249 2
706 1241 716 1259 ‚
729 1212 808 1263 seb‘t'.
826 1225 846 1247 2
858 1240 871 1256 ,
885 1209 926 1248 ὃ(
945 1212 989 1246 T.
1007 1209 1068 1256 II,
1084 1209 1285 1260 Postscript.
1298 1224 1338 1261 p.
1357 1224 1423 1258 44.
1443 1210 1645 1263 leiston's

400 1273 625 1328 Supplement
647 1284 683 1310 to
699 1270 756 1308 tlte
771 1268 893 1308 literni·
904 1266 1458 1322 accomplislzment‘ofScripture
1481 1269 1647 1323 Prophe-

397 1338 469 1377 cies
484 1352 523 1390 p.
542 1351 596 1386 94
611 1335 667 1388 fi]-
697 1332 800 1372 Nihil
816 1344 943 1372 tamen
965 1331 1029 1370 ista
1051 1331 1226 1384 opinione
1250 1328 1321 1369 effe
1336 1329 1454 1383 potest
1475 1332 1591 1371 levius
1607 1334 1648 1372 &

398 1398 566 1452 frigidius
577 1427 588 1446 ,
604 1395 776 1448 quamvis
791 1408 834 1432 ea
849 1393 973 1431 multis
984 1391 1153 1431 exornari
1177 1388 1286 1443 poffit
1298 1420 1311 1437 ‚
1322 1404 1414 1443 quae
1430 1404 1452 1428 a
1464 1391 1551 1430 viris
1564 1392 1651 1431 cloc-

398 1461 444 1498 tis
463 1460 581 1497 minus
598 1454 853 1495 animadversa
870 1452 962 1491 sunt.
985 1452 1045 1491 Sic
1062 1467 1100 1490 v.
1115 1466 1145 1492 c.
1162 1466 1181 1490 e
1196 1451 1333 1505 Ioseph.
1354 1452 1443 1490 Ant.
1459 1454 1562 1500 XV,
1583 1469 1621 1503 ¹3
1633 1485 1648 1501 ,

398 1523 462 1575 qui
482 1518 673 1558 Herodem
696 1530 821 1570 regem
847 1514 1020 1554 Pollionis
1036 1513 1192 1567 hospitio
1213 1514 1252 1553 &
1274 1514 1432 1553 amicitia
1450 1514 1554 1554 usum
1575 1514 1647 1556 effe

397 1590 608 1628 memorat,
625 1579 797 1632 colligere
813 1578 940 1630 aliquis
956 1573 1064 1630 possit
1082 1606 1094 1624 ‚
1117 1576 1163 1614 ab
1179 1575 1332 1615 Herode
1348 1575 1474 1626 facile,
1487 1576 1650 1631 Virgilio

397 1642 582 1699 praesente
595 1672 606 1691 ,
629 1641 783 1679 Pollioni
802 1640 847 1680 de
864 1638 997 1679 Meflia
1012 1638 1174 1684 narrari,
1193 1649 1255 1677 aut
1266 1638 1465 1678 Nicolaum
1480 1638 1648 1679 Damas-

398 1720 532 1747 cenum
546 1736 559 1752 ,
573 1703 724 1743 ὀοᾶὶυπι
740 1704 930 1742 hominem
938 1732 951 1749 ,
969 1700 1070 1754 cujus
1083 1699 1282 1739 ministerio
1297 1701 1465 1741 Herodes
1478 1702 1559 1741 usus
1571 1703 1621 1742 est
1632 1735 1646 1751 ,

398 1768 570 1823 Augusto
581 1781 772 1820 percarum
782 1797 793 1814 2
808 1766 853 1806 de
869 1765 1090 1804 Iudaeorum
1103 1763 1338 1817 opinionibus
1351 1778 1650 1806 commemorare

397 1829 550 1885 potuisse
567 1860 579 1878 ‚
601 1829 641 1869 &
662 1829 700 1867 id
726 1841 840 1882 genus
855 1827 935 1865 alia.
959 1825 1166 1865 Enimvero
1190 1825 1282 1862 inter
1304 1838 1433 1863 omnes
1457 1825 1617 1878 populos
1634 1863 1647 1881 ‚

377 1909 535 1948 ‚magna
562 1892 730 1945 inprimis
761 1891 880 1942 aliqua
907 1888 1111 1927 calamitate
1138 1883 1328 1937 oppressos
1343 1914 1357 1930 ,
1378 1886 1552 1923 vaticinia
1576 1887 1647 1923 cii·-

400 1959 572 1998 cumferri
587 1956 703 1996 solent
718 1987 730 2005 ‚
750 1969 842 2009 quae
858 1954 936 1994 five
955 1954 1127 2007 graviora
1143 1951 1294 1999 minari,
1307 1949 1386 1989 sive
1398 1949 1549 1989 laetiora
1567 1951 1648 2003 pol-

398 2022 497 2061 liceri
511 2020 625 2059 solent
635 2050 646 2068 ,
662 2032 755 2071 quae
770 2049 781 2066 ,
801 2015 998 2055 necessaria
1011 2028 1133 2053 rerum
1153 2010 1395 2052 viciffitudine
1409 2042 1422 2058 ‚
1435 2012 1647 2052 melioribus

398 2083 594 2137 aliquando
625 2079 903 2120 succedentibus
929 2075 1183 2130 temporibus,
1208 2073 1284 2112 fere
1309 2072 1452 2125 semper
1471 2084 1647 2129 eventum

399 2147 549 2185 habent.
572 2144 654 2196 Jam
673 2143 711 2180 in
725 2154 861 2194 magno
885 2140 947 2178 illo
963 2151 1117 2177 numero
1136 2136 1398 2175 vaticiniorum
1417 2135 1458 2173 ὃ(
1473 2135 1649 2174 oraculo-

403 2222 485 2246 rum
498 2238 509 2255 ‚
532 2219 624 2259 quae
643 2203 731 2243 olim
755 2204 888 2256 partim
914 2198 1165 2253 superstitione
1177 2227 1190 2243 ,
1207 2196 1340 2249 partim
1365 2195 1551 2234 fraudibus
1570 2196 1648 2235 ho-

391 2271 545 2319 *minum
560 2268 741 2308 celebrata
753 2297 764 2315 ‚
786 2265 828 2305 &
849 2264 927 2303 five
941 2263 1004 2302 sub
1018 2262 1090 2299 aliis
1110 2258 1323 2299 nominibus
1339 2257 1417 2297 sive
1437 2257 1501 2297 sub
1517 2257 1648 2311 Sibyl-

401 2334 519 2373 larum
547 2332 696 2370 nomine
727 2326 859 2382 paffim
886 2327 1036 2367 vendita
1063 2323 1164 2363 fuere
1178 2354 1191 2370 ‚
1216 2335 1446 2376 quorumque
1481 2321 1648 2373 inprimis

399 2411 537 2452 magna
556 2395 742 2434 celebritas
759 2395 854 2432 inter
875 2390 1055 2430 bellorum
1079 2387 1237 2427 civilium
1257 2386 1476 2425 calamitates
1491 2384 1562 2424 effe
1577 2385 1648 2425 de-

400 2459 480 2498 buit
495 2489 506 2507 ,
528 2457 568 2496 &
581 2455 680 2495 fuisse
698 2457 807 2494 etiam
830 2444 1058 2493 memoratur
1072 2481 1083 2498 ,
1101 2448 1148 2488 cf.
1165 2447 1306 2487 Fabric.
1319 2447 1411 2486 Bibl.
1430 2445 1501 2487 Gr.
1514 2446 1537 2485 l.
1551 2446 1568 2486 1
1581 2477 1595 2493 ,
1611 2460 1645 2484 c.

404 2533 464 2573 30.
483 2532 599 2560 unum
613 2516 680 2557 fuit
698 2515 845 2570 aliquod
856 2546 870 2564 ,
884 2513 983 2569 quod
1005 2524 1180 2567 magnam
1193 2509 1351 2564 aliquam
1368 2507 1572 2557 felicitatem
1588 2507 1646 2548 fu·
