1715 3028
307 159 938 214 AENEJDOSAEJB.
981 169 1099 212 IX.
1270 166 1357 228 363

63 275 268 322 ¹Persolves
285 275 478 321 amborum
493 311 505 329 ‚
524 273 669 337 inquit:
693 273 797 319 fimul
817 272 902 319 ense
922 273 1069 319 recluso

71 350 149 395 Ibat
171 351 206 395 in
226 351 437 414 Euryalum.
465 355 561 396 Tum
580 369 676 397 ver-o
698 349 893 396 exterritus
908 384 920 403 ‚
941 366 1063 397 amens

72 424 297 469 Conclamat
313 423 442 470 Nisus:
465 439 533 470 n‘ec
554 424 591 470 se
612 423 734 470 celare
752 422 916 468 tenebris
1272 422 1357 476 423

69 496 241 559 Amplius
257 532 268 551 ‚
286 513 347 543 aut
366 512 507 544 tantum
526 497 650 562 potuit
668 495 833 560 perferre
852 495 1027 540 dolorem
1045 515 1054 539 ε

67 571 137 614 Me
152 604 164 622 ‚
182 587 241 615 me
256 607 267 625 ‚
289 570 442 629 (adsum
457 608 469 626 ,
490 571 552 634 qui
570 569 672 629 feci)
694 569 732 615 in
752 587 811 614 me
832 568 1045 614 convertite
1066 567 1202 613 ferrum
1218 601 1231 621 ,

69 644 105 686 O
127 643 253 688 Rutuli
271 649 281 686 ¹.
301 661 382 689 mea
402 643 497 688 fraus
521 641 642 689 omnis
661 662 672 696 3
694 641 784 687 nihil
802 640 866 686 iste
888 659 956 686 nec
974 640 1078 686 ausus
1093 675 1106 693 .,

65 714 148 759 Nec
169 716 315 778 potuit:
334 716 477 762 coelum
496 716 570 761 hoc
584 750 595 768 ‚
619 714 659 760 &
678 714 828 760 conscia
847 712 963 760 fidera
981 714 1105 760 testor,

63 788 222 832 Tantum
242 787 429 834 infelicem
453 786 606 833 nimium
627 786 759 833 dilexit
777 786 947 833 amicum.
1268 803 1358 843 430

61 858 167 904 Talia
187 858 281 905 dicta
298 861 431 906 dabat:
454 859 517 905 sed
536 858 675 905 viribus
693 858 785 904 ensls
804 859 950 905 adaffits

59 931 267 978 Transabiit
287 932 401 979 costas
420 969 432 987 ,
457 932 497 980 ἃ
517 933 669 979 candida
691 932 844 995 peElora
862 931 1012 996 rumpit.

60 1001 239 1049 Volvitur
259 1005 437 1068 Euryalus
456 1006 537 1051 leto
552 1041 564 1059 ‚
583 1001 837 1068 pulchrosque
855 1022 923 1068 per
938 1019 1034 1050 artus

59 1077 222 1123 lteruor
237 1113 248 1131 ‚
270 1077 384 1140 inque
403 1073 579 1123 humeros
604 1078 727 1122 cervix
748 1076 914 1140 collapsa
931 1075 1123 1122 recumbit.

59 1153 270 1214 Purpureus
289 1150 408 1196 veluti
430 1169 512 1196 cum
533 1150 604 1196 flos
623 1187 635 1204 ,
664 1151 822 1197 succisus
841 1167 962 1198 aratro
983 1187 996 1206 ‚
1262 1166 1348 1208 435

58 1223 281 1286 Languescit
305 1222 471 1269 moriens
491 1245 502 1278 ·,
523 1223 665 1269 laffove
685 1243 868 1288 papavera
887 1225 993 1272 collo

39 1297 252 1343 ‘Demisere
274 1313 382 1361 caput
401 1335 413 1353 ‚
434 1297 560 1361 pluvia
579 1317 662 1344 cum
680 1298 780 1344 forte
803 1314 1009 1362 gravantur.

59 1375 105 1416 At
125 1370 235 1416 Nisus
257 1373 328 1419 ruit
349 1371 384 1417 in
404 1372 548 1418 medios
568 1408 580 1425 ‚
601 1371 797 1434 solumque
814 1389 882 1435 per
901 1373 1022 1418 omnis

53 1442 301 1489 Volscentem
326 1443 439 1507 petit:
462 1443 499 1487 in
522 1443 607 1489 solo
626 1443 835 1489 Volscente
857 1459 1035 1490 moratur.

55 1519 182 1578 Quem
198 1518 335 1563 circum
346 1515 543 1580 glomerati
554 1516 698 1570 hostes,
714 1516 801 1562 hinc
817 1518 1025 1563 comminus
1033 1534 1144 1581 atque
1153 1517 1237 1564 hinc
1257 1537 1348 1573 440

4 1605 10 1609 “
51 1592 288 1639 Proturbant.
311 1591 418 1637 Instat
437 1610 514 1637 uon
536 1590 652 1636 secius
671 1625 683 1644 ‚
707 1608 749 1635 ac
775 1606 872 1637 rotat
894 1591 1021 1637 ensem

3 1694 8 1701 -
50 1664 311 1718 Fulmineum3
332 1666 458 1711 donec
475 1664 603 1710 Rutuli
622 1664 809 1709 clamantis
831 1664 867 1710 in
888 1683 955 1711 ore

51 1734 240 1781 Condidit
256 1734 415 1781 adverso
429 1769 442 1788 ,
464 1734 503 1781 ἃ
522 1734 687 1780 moriens
705 1735 862 1780 animam
882 1735 1028 1781 abstulit
1050 1736 1157 1783 hosti.

49 1811 146 1854 Tum
166 1807 276 1871 super
295 1806 502 1854 exanimem
522 1807 599 1853 sese
619 1806 784 1871 projecit
803 1808 961 1855 amicum
978 1845 991 1863 ‚
1134 1865 1139 1869 ,

51 1880 255 1927 Confoffus
276 1880 498 1944 placidaque
516 1880 566 1926 ibi
586 1880 734 1925 demum
755 1898 878 1926 morte
899 1881 1053 1944 quievit.
1255 1899 1342 1942 445

116 1954 309 2001 Fortunati
327 1954 437 2000 ambo
455 1960 464 1995 !
485 1953 510 1999 fi
532 1953 620 2017 quid
639 1971 719 1998 mea
740 1953 900 1999 carmina
919 1954 1073 2018 poffunt
1088 1989 1101 2008 τ,

47 2027 163 2073 Nulla
182 2027 261 2073 dies
283 2046 442 2091 unquam
467 2026 626 2073 memori
646 2045 714 2072 vos
734 2026 873 2073 eximet
889 2047 1000 2074 aevo:

49 2104 149 2146 Dum
169 2101 303 2147 domus
322 2106 452 2148 AEneae
483 2101 652 2165 Capitoli
681 2100 874 2148 immobile
895 2101 1019 2148 saxum

49 2175 214 2222 Accolet
232 2211 244 2229 ‚
266 2176 535 2239 imperiumque
556 2191 660 2239 pater
677 2179 864 2222 Romanus
884 2176 1046 2223 habebit.

110 2249 284 2296 Viuores
303 2251 426 2314 praeda
445 2250 572 2297 Rutuli
592 2249 799 2314 spoliisque
820 2251 932 2314 potiti
949 2287 961 2305 ‚
1243 2271 1335 2313 450

45 2322 291 2369 Volscentem
309 2324 516 2370 exanimum
536 2324 670 2370 flentes
691 2323 728 2370 in
748 2325 858 2370 castra
875 2325 1053 2372 ferebant,

45 2397 128 2440 Nec
145 2396 269 2442 minor
288 2396 327 2441 in
345 2396 463 2443 castris
481 2397 597 2442 luctus
613 2432 624 2450 ‚
644 2396 850 2442 Rhamnete
869 2412 1022 2460 reperto

44 2469 227 2535 Exsangui
242 2505 254 2525 ‚
277 2470 316 2518 &
337 2471 461 2535 primis
481 2489 551 2517 una
570 2485 629 2518 tot
656 2470 758 2517 caede
778 2470 953 2536 peremtis
968 2506 982 2525 „³
