1715 3028
352 167 443 216 ua
648 152 1306 222 'R1V1RGJL11

556 213 576 233 ᾖ

348 276 520 339 Namque
539 275 675 322 dabunt
695 275 841 323 veniam
861 277 958 324 votis
971 312 983 332 ‚
1002 277 1145 343 irasque
1168 281 1371 337 remittent.‘

349 349 448 402 Sed,
467 350 600 396 modus
622 350 753 397 orandi
778 351 843 415 'qui
865 351 933 406 fit,
956 352 1054 416 prius
1083 355 1214 402 ordine
1239 357 1369 406 dicam.

349 426 526 483 Quatuor
545 425 700 472 eximios
725 425 907 489 praesta'nti
936 446 1099 492 corpore
1126 445 1278 485 tauros,

346 498 429 557 Qui
448 497 514 543 tibi
532 517 626 544 nunc
644 498 771 545 viridis
790 500 992 563 depascunt
1011 502 1147 549 summa
1165 503 1313 567 Lycaei,

349 571 489 635 Delige
503 607 514 625 ‚
536 572 576 619 &
593 573 726 620 inmela
742 575 900 621 totidem
921 575 1069 623 cervice
1088 578 1279 639 juvencas,
1326 586 1347 610 Ψ

347 645 525 703 Quatuor
546 643 599 689 his
620 663 696 691 aras
714 645 785 693 alta
804 645 1024 693 addelubra
1044 651 1206 694 Dearum

352 715 574 771 Constitue,
594 717 633 764 Sc
653 717 950 783 sacrumijugulis
970 721 1126 768 demitte
1147 741 1341 772 cruorem:

353 791 607 853 Corporaque
626 790 703 854 ipsa
730 791 846 838 boum
864 793 1049 841 frondoso
1070 795 1200 842 desere
1217 796 1319 844 luco.

347 864 438 910 'Post
451 898 463 917 ,
481 864 543 910 ubi
563 882 662 910 nona
682 865 765 911 suos
789 868 936 912 Aurora
953 866 1158 913 ostenderit
1176 883 1299 923 ortus‚

349 937 499 985 Inferias
520 939 664 1002 Orphei
685 939 831 986 Lethaea
848 958 1033 1004 papavera
1052 940 1176 987 mittes
1191 976 1203 994 ‚

350 1011 533 1058 Placatam
551 1011 764 1075 Eurydicen
785 1011 900 1058 vitula
918 1014 1147 1060 venerabere
1166 1014 1287 1069 caesa3

294 1129 298 1131 i
353 1087 401 1130 Et
422 1084 562 1149 nigram
585 1085 754 1131 mauabis
776 1104 911 1140 ovem,
929 1087 1128 1149 lucumque
1148 1088 1297 1133 revises.

353 1160 461 1205 Haud
481 1178 606 1205 mora:
633 1160 813 1205 continuo
834 1160 957 1204 matris
981 1175 1168 1224 praecepta
1191 1158 1347 1207 faceffit:

353 1232 414 1277 Ad
436 1230 588 1276 delubra
608 1230 739 1283 venit;
766 1230 977 1277 monstratas
1004 1231 1139 1278 excitat
1162 1251 1267 1287 aras;

351 1306 531 1364 Quatuor
552 1303 708 1350 eximios
728 1303 911 1367 praestanti
932 1322 1096 1368 corpore
1117 1320 1241 1352 tauros

352 1379 488 1433 Ducit,
508 1378 548 1426 &
566 1379 700 1424 intacta
720 1379 877 1425 totidem
895 1379 1042 1425 cervice
1061 1380 1249 1441 juvencas.
1300 1414 1303 1415 ν

352 1452 462 1505 Post,
479 1452 541 1497 ubi
562 1470 658 1498 nona
679 1451 765 1497 suos
790 1456 936 1497 Aurora
954 1452 1145 1499 induxerat
1165 1471 1288 1507 ortus,

352 1525 502 1572 'inferias
522 1524 667 1587 Orphei
683 1523 813 1577 mittit,
835 1520 1038 1588 lucumque
1051 1525 1186 1572 revifit.

354 1601 426 1646 Hic
447 1617 539 1645 vero
561 1598 716 1644 subitum
733 1616 774 1643 ac
794 1597 893 1644 dicitu
913 1599 1079 1645 mirabile
1099 1601 1302 1648 monstrum

355 1671 603 1736 Adspiciunt,
620 1670 817 1734 liquefa&a
834 1671 950 1717 boum
970 1688 1037 1734 per
1053 1671 1193 1719 viscera
1211 1688 1298 1721 toto

354 1745 520 1791 Stridere
539 1763 626 1809 apes
644 1760 752 1791 utero
768 1752 786 1798 ‚⁴
799 1744 840 1791 δι
856 1745 973 1808 ruptis
991 1744 1176 1792 effervere
1194 1745 1302 1792 costis
1316 1766 1340 1800 3·
1403 1787 1405 1791 .

357 1816 629 1881 Immensasque
649 1817 741 1863 trahi
761 1818 898 1863 nubes:
920 1818 1067 1881 jamque
1087 1817 1221 1864 arbore
1241 1816 1376 1864 summa

358 1890 570 1936 confluere
586 1926 598 1944 ‚
620 1890 659 1936 &
678 1889 786 1936 lentis
804 1908 912 1936 uvam
929 1890 1123 1936 demittere
1146 1891 1266 1937 ramis.
1305 1924 1308 1929 -

423 1965 513 2008 Haec
532 1962 639 2026 super
656 1980 830 2009 arvorum
849 1962 949 2008 cultu
970 1980 1227 2026 pecorumque
1245 1962 1420 2009 canebam
1432 1998 1445 2017 ‚

358 2037 405 2081 Et
424 2034 533 2099 super
549 2035 764 2081 arboribus:
792 2035 917 2081 Caesar
937 2035 1024 2081 dum
1045 2053 1198 2099 magnus
1218 2034 1264 2080 ad
1281 2034 1396 2080 altum

357 2106 540 2153 Fulminat
569 2107 782 2171 Euphraten
807 2108 912 2154 bello
928 2143 940 2160 ,
959 2108 1155 2171 victorque
1173 2106 1336 2153 volentis

359 2183 430 2226 Per
447 2181 612 2244 populos
632 2182 693 2227 dat
716 2181 793 2243 jura
806 2216 818 2235 ‚
835 2180 1008 2245 viamque
1037 2182 1181 2228 affeRlat
1201 2180 1385 2244 Olympo,

360 2254 433 2300 Illo
449 2255 646 2319 Virgilium
664 2274 723 2302 me
743 2270 913 2318 tempore
930 2256 1048 2302 dulcis
1061 2256 1181 2302 alebat

361 2327 619 2392 “Parthenope7
639 2329 762 2375 studiis
784 2329 982 2377 florentem
1012 2327 1191 2393 ignobilis
1218 2333 1296 2375 oti:

363 2401 537 2447 Carmina
557 2402 620 2465 qui
638 2402 703 2448 lufi
723 2404 907 2466 pastorum
924 2438 936 2457 ‚
955 2403 1145 2465 audaxque
1166 2403 1318 2465 juventa
1333 2436 1348 2456 ,

363 2471 496 2535 Tityre
511 2507 524 2527 ‚
541 2487 577 2519 te
596 2474 730 2538 patulae
751 2474 867 2521 cecini
888 2476 953 2522 sub
979 2474 1143 2539 tegmine
1167 2473 1257 2538 fagi.

1547 582 1655 644 μα,

1549 962 1631 1035 545

1551 1309 1644 1369 tw

1551 1686 1633 1735 555

1551 2038 1645 2094 561>>

1549 2404 1643 2464 επ
