1715 3028
323 159 418 224 ηε
645 155 703 204 Ρ.
776 151 956 202 νΙΡ
912 151 1284 201 Ρεῑιιι

313 266 459 331 'Magna
476 268 600 312 Deum
613 300 626 318 ‚
645 264 707 310 vel
730 281 814 326 quae
833 261 993 309 fatorum
1009 261 1184 326 posceret
1204 261 1316 311 ordo.

317 340 427 404 {sq-ue
446 340 500 386 his
524 342 670 384 AEnean
691 336 830 383 solatus
848 335 1004 383 vocibus
1022 334 1104 381 infit
1121 355 1131 380 :

324 416 421 460 Nate
442 417 521 459 Dea
535 448 547 466 .,
568 429 645 475 quo
663 409 735 455 fata
752 408 898 460 trahunt
914 406 1180 471 retrahuntque
1194 441 1207 461 ,
1225 406 1444 471 sequamur;

322 486 520 550 Quidquid
535 484 627 532 erit:
647 482 848 548 superanda
866 481 984 528 omnis
1004 481 1151 527 fortuna
1169 480 1327 528 ferendo
1348 480 1410 527 est.
1523 499 1619 540 710

323 560 383 606 Est
404 559 471 605 tibi
491 557 697 605 Dardanius
716 554 856 602 divinae
879 554 998 619 stirpis
1017 554 1166 601 Acestes
1184 575 1194 600 ε

312 635 432 679 Hunc
451 650 541 695 cape
561 628 725 677 confiliis
747 627 891 675 socium
908 663 920 682 .,
947 627 987 675 δε
1012 628 1204 692 conjunge
1222 626 1443 674 volentem:

325 704 422 752 Huic
439 703 541 749 trade
558 737 572 757 ‚
589 700 718 748 amiffis
739 699 914 764 superant
933 698 996 762 qui
1016 699 1168 746 navibus
1183 735 1196 754 ‚
1214 699 1254 746 ὅ(
1272 718 1368 763 quos

325 775 523 825 Pertaesum
543 773 668 838 magni
694 772 838 837 incepti
858 791 1056 837 rerumque
1073 788 1216 819 tuarum
1237 772 1287 819 est
1304 793 1315 818 z

328 849 622 915 Longaevosque
640 847 745 896 senes
760 883 772 901 ‚
798 865 840 893 ac
865 846 969 893 feffas
987 866 1140 910 aequore
1160 851 1292 893 matres
1307 881 1319 900 ‚
1535 864 1562 906 7
1574 865 1588 891 1
1604 862 1622 907 ς

329 928 377 971 Et
397 923 578 988 quidquid
595 939 718 969 tecum
738 920 942 967 invalidum
958 920 1203 984 metuensque
1223 918 1355 984 pericli
1374 919 1425 966 est
1438 954 1451 973 ‚

329 999 496 1064 Delige:
519 997 631 1045 &his
655 996 812 1043 habeant
832 994 937 1041 terris
953 1030 965 1049 ‚
988 994 1087 1049 fine,
1103 995 1240 1040 moenia
1260 994 1361 1040 feffi:

331 1073 473 1120 Urbem
491 1071 735 1136 appellabunt
753 1067 928 1134 permiffo
950 1066 1103 1114 nornine
1125 1065 1304 1113 Acestam.

400 1145 552 1191 Talibus
572 1142 740 1190 incensus
758 1141 861 1187 diffis
880 1139 1036 1186 senioris
1054 1137 1174 1185 amici.

333 1219 434 1265 Tum
452 1236 546 1263 vero
566 1215 604 1261 in
627 1233 730 1260 curas
749 1213 913 1260 animum
931 1211 1118 1258 diducitur
1138 1211 1283 1259 omnis:
1538 1226 1630 1267 720

338 1296 385 1339 Et
402 1294 490 1339 Nox
513 1308 588 1337 arra
606 1290 738 1354 polum
758 1287 855 1352 bigis
876 1286 1049 1334 subveEra
1066 1286 1228 1333 tenebat.

336 1366 426 1414 Visa
445 1364 581 1412 dehinc
609 1364 711 1411 coelo
724 1361 846 1409 'facies
865 1360 1015 1426 delapsa
1040 1361 1200 1425 parentis

337 1436 512 1487 Anchisae
541 1436 663 1483 subito
686 1435 767 1483 talis
792 1434 985 1480 effundere
1010 1451 1148 1479 voces:

339 1515 466 1565 Nate,
481 1511 570 1558 mrh'r
586 1510 663 1555 vita
683 1508 896 1571 quondam,
913 1507 1001 1551 dum
1017 1504 1093 1551 vita
1112 1504 1311 1557 manebat,

341 1587 442 1631 Care
463 1583 607 1647 margin
627 1596 737 1635 nate,
753 1580 871 1627 Iliacus
889 1578 1052 1626 exercite
1070 1577 1179 1624 fatis:
1543 1592 1631 1633 725

343 1657 507 1722 Imperio
528 1655 628 1704 Jovls
645 1654 717 1701 huc
736 1653 878 1701 venio:
901 1671 964 1716 qur
984 1649 1179 1698 claffibus
1172 1668 1299 1714 rgnem

345 1729 529 1795 Depuhr‚
550 1728 589 1775 &
615 1727 718 1774 coelo
746 1726 896 1772 tandem
920 1723 1110 1770 miseratus
1131 1722 1176 1768 ab
1197 1721 1274 1768 alto
1299 1721 1364 1768 est.

348 1801 525 1850 Confisus
546 1818 660 1865 pare,
681 1817 765 1863 quae
786 1816 882 1844 nunc
901 1795 1147 1861 pulcherrima
1163 1797 1303 1841 Nautes

351 1881 427 1924 Dat
448 1875 598 1922 senior:
618 1873 738 1920 leeros
758 1873 912 1936 juvenes
928 1908 940 1926 ‚
958 1869 1146 1917 fortiffima
1163 1868 1279 1915 corda
1294 1903 1309 1922 .,

349 1949 469 1997 Defer
485 1949 525 1994 in
542 1948 694 1994 Italiam.
716 1949 818 1993 Gens
840 1945 930 1990 dura
949 1958 1059 2006 atque
1084 1942 1211 2006 aspera
1230 1941 1333 1987 cultu
1552 1957 1605 1999 73
1617 1959 1643 1986 0

353 2022 590 2070 Debellanda
607 2020 675 2067 tibi
696 2019 800 2066 Latio
822 2017 882 2065 est.
915 2017 1012 2063 Ditis
1031 2031 1154 2062 tamen
1171 2030 1257 2061 ante

351 2096 516 2145 Infernas
535 2094 671 2141 accede
692 2093 827 2139 domos
843 2128 856 2146 ‚
873 2090 914 2137 δε
932 2093 1081 2136 Averna
1102 2106 1169 2152 per
1188 2088 1259 2134 alta

355 2169 585 2234 Congrefl'us
605 2182 693 2232 pete
713 2202 725 2222 ,
746 2181 830 2212 nate
846 2200 858 2219 ,
874 2183 992 2211 meos.
1010 2166 1100 2210 Non
1116 2181 1175 2209 me
1191 2160 1304 2225 impia
1319 2178 1477 2225 namque

353 2247 503 2290 Tartara
520 2242 679 2295 habent,
696 2240 811 2287 tristes
828 2240 966 2285 umbrae
981 2259 992 2291 3
1010 2237 1072 2283 sed
1090 2253 1234 2283 amoena
1250 2234 1400 2299 piorum

358 2316 566 2369 concilia,
586 2313 827 2378 Elysiumque
845 2312 947 2358 colo.
970 2314 1053 2357 Huc
1071 2309 1161 2356 casta
1179 2306 1321 2371 Sibylla
1553 2324 1604 2365 73
1621 2323 1637 2366 ς

359 2391 558 2453 Nigrarum
584 2388 702 2436 multo
722 2387 907 2452 pecudum
927 2400 964 2431 te
982 2383 1158 2446 sangume
1176 2381 1298 2426 ducet.

360 2465 457 2510 Tum
478 2480 594 2527 genus
619 2478 732 2510 omne
754 2476 883 2526 tuum2
900 2457 965 2524 &‚
984 2474 1067 2521 quae
1086 2454 1221 2502 dentur
1239 2452 1399 2507 moenia,
1417 2451 1546 2498 disceS.
