1715 3028
468 168 1025 221 BUCO‘LJCA‘
1341 188 1394 238 ις

95 282 264 337 Diffusos
286 283 397 329 edera
415 281 523 329 vestit
544 282 711 346 pallente
730 283 951 346 corymbos.
971 325 977 327 ,

97 360 140 404 In
160 355 287 403 medio
312 356 389 402 duo
411 355 535 420 signa,
557 358 701 402 Conon
720 376 728 399 :
759 354 798 402 δε
820 356 901 419 quis
919 354 990 402 fuit
1007 355 1125 402 alter?
1341 374 1400 412 40

98 429 301 495 Descripfit
318 430 424 477 radio
445 445 567 477 totum
585 428 650 493 qui
672 426 848 493 gentibus
871 431 1022 477 orbem:

98 506 291 569 Tempora
322 523 406 568 quae
426 504 563 569 messor
577 538 589 557 ‚
611 521 696 566 quae
726 503 866 550 curvus'
878 520 1002 551 arator
1020 504 1198 551 haberet:

98 579 272 626 Necdum
294 578 367 625 illis
386 579 486 624 labra
503 577 656 624 admovi
674 614 686 632 ,
711 578 776 625 sed
793 579 946 625 condita
963 579 1087 626 servo.

96 656 210 699 DjEt
229 640 338 700 nobis
359 652 457 699 idem
480 653 709 700 Alcimedon
732 653 810 700 duo
831 654 970 718 pocula
989 654 1103 701 fecit:
1141 681 1143 684 .

100 731 148 775 Et
166 728 275 775 molli
301 727 439 775 circum
460 728 511 774 est
532 727 634 774 ansas
662 728 855 794 amplexus
876 721 1036 775 acantho
1058 749 1067 770 τ
1128 760 1130 763 v
1167 755 1170 759 ’
1341 747 1394 790 45

102 802 331 866 Orpheaque
352 801 391 848 in
409 801 542 849 medio
557 802 683 866 posuit
701 823 710 848 :
735 801 917 866 silvasque
939 801 1141 865 sequentis.

99 877 272 923 Necdum
290 876 362 922 illis
380 876 481 923 labra
498 876 677 930 admovi,
697 876 761 923 sed
779 876 935 923 condita
952 876 1076 923 servo.

101 950 140 996 Si
158 952 204 997 ad
219 950 374 997 vitulam
392 950 534 1015 fpeffis
548 987 560 1005 ‚
587 951 681 997 nihil
699 951 765 1005 est,
785 953 890 1016 quod
909 953 1048 1016 pocula
1064 951 1207 997 laudes.

103 1042 151 1070 M.
173 1028 373 1089 Nunquam
390 1021 514 1072 hodie*
527 1025 686 1090 effugies
700 1044 709 1068 z
724 1025 873 1072 veniam
889 1061 901 1080 ,
928 1043 1160 1089 quocunque
1178 1023 1338 1071 vocaris.
1378 1030 1380 1032 ’

102 1098 240 1145 Audiat
259 1098 338 1144 haec
358 1112 499 1144 tantum
511 1134 523 1152 ,
540 1100 604 1145 vel
624 1097 688 1162 qui
714 1099 842 1146 venit:
864 1117 954 1145 ecce
973 1134 986 1152 ‚
1004 1098 1207 1145 Palaemon.
1350 1114 1406 1157 50

105 1170 272 1217 Efficiam
292 1170 446 1234 posthac
462 1206 474 1225 ‚
497 1189 544 1216 ne
564 1189 789 1234 quemquam
807 1190 906 1218 voce
926 1172 1087 1218 laceffas.

108 1261 149 1289 D.
170 1243 276 1304 Quin
295 1261 389 1308 age,
406 1243 432 1288 fi
452 1243 543 1306 quid
561 1243 674 1290 habes
687 1279 699 1298 ‚
720 1244 758 1290 in
777 1261 837 1290 me
855 1262 960 1290 mora
981 1243 1150 1290 nouerit
1166 1243 1241 1289 ulla
1259 1265 1269 1288 ς

109 1319 192 1363 Nec
210 1334 436 1380 quemquam
453 1316 586 1380 fugio:
606 1332 771 1370 tantum,
789 1316 916 1363 vicine
934 1316 1125 1363 Palaemou
1142 1352 1154 1372 ‚

105 1388 280 1435 Sensibus
295 1389 375 1435 haec
392 1388 475 1434 imis
494 1393 583 1448 (res
601 1389 652 1434 est
675 1407 754 1434 non
774 1393 917 1452 parva)
938 1400 1113 1452 reponas,

106 1479 144 1508 Ρ.
164 1461 313 1507 Dicite:
334 1459 646 1524 quandoquidem
660 1460 698 1505 in
715 1459 826 1506 molli
845 1459 1084 1524 consedimus
1107 1461 1232 1508 herba„
1355 1479 1370 1520 5
1387 1467 1429 1525 ξ’

107 1537 155 1581 Et
180 1553 278 1581 nunc
300 1533 421 1581 omnis
440 1551 530 1598 ager
545 1569 557 1588 ‚
585 1551 684 1579 nunc
706 1532 827 1580 omnis
846 1532 1132 1597 parturitarbos
1152 1554 1162 1580 z

108 1611 222 1656 Nunc
236 1608 417 1656 frondent
434 1606 535 1654 filvae
551 1626 685 1654 :fnunc
703 1606 981 1654 formofiffimus
998 1596 1133 1653 anuusJ

109 1681 257 1746 Incipe,
275 1685 449 1728 Damoeta
468 1702 477 1726 :
499 1697 540 1727 tu
558 1680 697 1727 deinde
717 1680 874 1744 sequere
893 1715 906 1734 .,
924 1680 1114 1727 Menalca.

111 1753 277 1805 Alternis
295 1754 429 1801 dicetis
449 1775 457 1799 :
485 1769 613 1801 amant
629 1754 771 1800 alterna
790 1755 1003 1799 Camoeuae„

108 1844 151 1873 D.
171 1827 229 1873 Ab
247 1830 341 1874 Jove
359 1827 586 1891 principium
604 1827 748 1874 Musae:
773 1826 875 1875 Jovis
897 1825 1024 1873 omnia
1043 1825 1153 1891 plena
1169 1844 1182 1872 z
1348 1832 1408 1873 60

110 1901 180 1947 llle
201 1899 296 1946 colit
314 1914 450 1945 terras:
478 1899 534 1945 illi
555 1918 637 1946 mea
661 1900 823 1946 carmina
846 1919 956 1946 curae.

111 1991 159 2019 Μ.
179 1976 226 2020 Et
249 1992 308 2020 me
327 1972 489 2020 Phoebus
506 1985 621 2019 amat:
641 1973 789 2020 Phoebo
812 1973 873 2019 sua
891 1974 1038 2037 semper
1055 1974 1154 2038 apud
1171 1992 1232 2020 me

114 2050 277 2095 Munera
298 2046 381 2093 sunt
399 2082 411 2102 ‚
440 2045 561 2101 lauri,
582 2045 623 2093 ὅ(
645 2045 756 2092 suave
776 2045 912 2092 rubens
933 2044 1166 2109 hyacinthus⁸

112 2136 154 2168 D.
173 2112 282 2168 Malo
302 2139 362 2167 me
380 2120 537 2167 Galatea
554 2118 649 2184 petit
665 2117 802 2164 lasciva
821 2117 948 2182 puella
964 2138 976 2171 ·,
1394 2151 1404 2159 ,.

49 2195 162 2268 QEt
179 2194 276 2259 fugit
300 2195 344 2241 ad
364 2194 492 2241 salices
507 2230 520 2249 .,
549 2194 589 2241 ἃ
608 2193 645 2240 se
669 2192 775 2257 cupit
793 2208 878 2239 ante
897 2192 1030 2239 videri.
1348 2200 1413 2259 651

113 2283 161 2312 M.
182 2271 232 2313 At
250 2265 340 2312 mihi
359 2266 437 2313 sese
457 2266 569 2314 offert
585 2266 711 2320 ultro,
735 2284 837 2312 meus
857 2265 954 2330 ignis
968 2301 980 2319 ,
1005 2270 1185 2330 Amyntas
1206 2287 1215 2312 z

114 2339 259 2387 Notior
276 2355 316 2386 ut
331 2340 404 2403 jam
423 2339 465 2386 fit
482 2338 634 2385 canibus
651 2357 730 2386 non
747 2337 858 2385 Delia
879 2338 1022 2385 nostris.

117 2432 158 2461 ι).
176 2418 281 2461 Parta
301 2433 394 2461 meae
413 2413 556 2461 Veneri
575 2414 658 2461 sunt
677 2432 853 2460 munera:
877 2429 1037 2477 namque
1066 2413 1195 2463 notavi

116 2487 199 2551 Ipse
218 2487 361 2546 locum,
379 2487 488 2538 aeriae
509 2506 587 2554 quo
609 2488 830 2554 congeffere
850 2487 1053 2554 palumbes,
