1715 3028
312 173 386 228 ‘io
642 178 697 227 P.
765 178 1272 228 VIRGILII

373 284 450 326 istis
465 286 734 327 commentariis
750 283 876 326 adsuto
895 300 1018 339 panno
1037 286 1084 326 ad
1104 301 1143 327 v.
1167 300 1181 327 ι
1194 301 1208 328 1
1221 318 1234 338 ,
1252 298 1315 328 aut
1330 288 1377 329 ad
1392 285 1558 330 Drusum
1568 321 1583 339 ,
1597 304 1620 332 a

374 351 459 389 viro
474 348 584 388 doeio
600 349 637 386 in
653 345 870 389 Comment.
891 347 1060 387 Trevolt.
1083 360 1180 400 1703
1196 379 1209 396 ,
1225 363 1260 402 p.
1285 363 1311 400 7
1329 363 1384 388 res
1399 349 1570 400 refertur,
1581 349 1620 391 id
1649 350 1652 356 ⁴

370 423 584 466 temporum
603 424 799 465 rerumque
817 411 1018 451 rationibus
1044 422 1232 466 repugnat.
1249 412 1298 452 cf.
1316 412 1461 454 Ruaeus
1481 428 1535 468 pr.
1557 414 1620 454 hu-

373 474 430 529 jus
445 475 621 529 Eclogae.
646 473 771 513 Multo
789 487 882 513 vero
904 472 1155 513 molestiorem
1173 473 1214 513 &
1236 474 1341 527 plane
1357 490 1431 515 non
1444 475 1619 517 sustinen-

371 538 459 576 dam
496 537 676 575 rationem
708 532 893 589 proposuit
917 535 1111 590 Vignolius
1138 536 1175 574 in
1203 535 1381 578 Biblioth.
1408 536 1540 578 Germ.
1566 538 1618 580 T.

372 598 529 640 XXXV
543 629 556 647 ,
576 613 611 652 p.
633 611 703 651 173
719 597 793 652 sqq.
807 599 866 652 qui
882 599 978 637 hanc
990 598 1172 653 Eclogam
1186 599 1225 637 in
1239 612 1376 639 annum
1393 612 1472 653 730
1488 599 1618 654 conje-

308 708 311 710 ,
370 664 442 711 cit,
465 674 503 703 ut
518 674 642 702 tamen
665 676 703 704 v.
724 676 739 704 ι
752 676 766 703 1
793 662 839 703 de
859 662 915 705 M.
932 660 1056 702 Tullio
1071 661 1254 702 Cicerone
1272 693 1284 711 ‚
1311 661 1368 703 M.
1393 663 1435 703 F.
1449 658 1613 705 Consule

369 724 520 765 suffe&o
535 739 616 779 724
626 756 639 773 ‚
651 726 805 779 accipiat
817 756 830 772 ,
842 724 884 765 &
902 724 1026 765 Tullio
1041 739 1108 778 pro
1123 725 1248 764 Pollio
1259 724 1353 780 legat
1364 755 1377 772 ‚
1391 726 1432 765 &
1450 725 1497 765 ad
1512 738 1613 781 mag-

367 803 437 829 nae
454 803 558 829 aerae
573 788 846 829 Alexandrinae
863 789 1006 827 initium
1018 819 1030 837 ,
1049 787 1150 841 quod
1168 801 1189 825 a
1205 789 1328 842 magni
1345 787 1442 841 cycli
1458 788 1615 828 canicu-

307 856 311 867 '
338 847 347 860 ⁹
367 852 451 892 laris
464 882 476 901 ,
494 853 556 906 qui
569 850 623 891 est
643 851 738 901 1461
755 881 768 900 ‚
789 864 995 899 annorum,
1020 850 1166 890 decimo
1186 862 1316 903 quarto
1333 849 1454 890 seculo
1477 863 1616 903 proce-

366 912 503 961 debat,
526 912 644 952 retulit
656 928 669 962 3
692 926 784 965 quae
808 911 983 951 sententia
1008 925 1093 950 curn
1115 910 1286 951 haelenus
1311 911 1470 966 speciosa
1491 911 1558 960 srt,
1575 923 1617 953 ut

366 976 476 1017 valde
489 975 679 1029 probabile
694 973 759 1015 fiat
770 1005 784 1022 ,
803 976 954 1028 poetam
973 973 1020 1013 ad
1040 988 1215 1029 magnam
1229 973 1335 1014 istam
1350 989 1472 1014 aeram
1484 1005 1496 1025 ,
1520 988 1616 1030 quae

365 1051 436 1094 pro
450 1037 667 1078 revolutione
684 1038 806 1091 magni
825 1037 914 1075 anni
932 1037 974 1076 &
998 1036 1339 1078 ἀποκαταστάσει
1361 1039 1530 1078 omnium
1554 1051 1614 1077 re-

366 1116 448 1141 rum
472 1101 674 1141 habebatur
689 1131 700 1149 ‚
720 1098 911 1153 respexisse
926 1129 940 1146 ,
963 1098 1011 1139 cf.
1034 1100 1097 1137 des
1126 1098 1297 1152 Vignoles
1318 1099 1550 1151 Chronologz'e
1572 1098 1616 1137 de

366 1161 553 1216 l'Histoire
577 1161 726 1209 sainte,
754 1161 794 1198 T.
811 1160 875 1207 II,
895 1175 933 1212 p.
951 1174 1016 1210 7¹0
1030 1189 1042 1208 ,
1067 1175 1142 1209 7¹¹·
1172 1160 1208 1197 in
1227 1173 1368 1198 annum
1390 1170 1515 1199 tamen
1530 1172 1617 1199 me-

364 1237 549 1266 moratum
568 1236 649 1277 730
664 1222 764 1276 rejici
775 1222 852 1274 ipsa
864 1222 991 1274 ecloga
1007 1235 1085 1259 non
1096 1219 1215 1274 potest
1227 1252 1237 1269 ,
1250 1221 1319 1260 nisl
1333 1236 1509 1276 perquam
1525 1235 1616 1261 con..

364 1299 459 1327 torte
478 1288 520 1327 &
540 1284 694 1326 adversa
713 1298 837 1324 rerum
857 1283 1131 1336 verborumque
1151 1283 1256 1322 omni
1280 1293 1408 1322 natura
1424 1313 1437 1332 ,
1461 1292 1507 1323 ut,
1520 1299 1614 1338 pro-

365 1352 455 1391 bare
485 1349 520 1389 se
542 1364 624 1389 eam
645 1363 723 1388 rem
747 1347 963 1387 Burmanno
987 1343 1140 1398 potuiffe
1162 1345 1286 1385 mirer.
1320 1344 1386 1385 De
1408 1346 1505 1384 exitu
1526 1347 1615 1386 noni

364 1412 474 1454 seculi
494 1413 535 1452 &
550 1409 706 1465 ingressu
721 1409 855 1448 decimi
868 1421 954 1446 cum
969 1417 1087 1446 morte
1101 1405 1269 1446 Caesaris
1279 1406 1368 1447 vide
1383 1406 1532 1460 aliquod
1545 1421 1615 1447 ve-

364 1474 512 1530 stigium
529 1489 586 1526 ap.
610 1473 715 1513 Serv.
740 1470 786 1510 ad
811 1469 886 1508 Ecl.
909 1467 964 1507 IX
978 1498 992 1515 ,
1017 1481 1081 1519 47=
1103 1466 1266 1508 Noluere
1289 1481 1402 1521 porro
1424 1469 1494 1507 viri
1512 1467 1612 1508 doffi

363 1538 459 1578 hanc
479 1535 658 1592 Eclogam
669 1536 761 1574 inter
774 1530 947 1573 Bucolica
960 1529 1083 1570 referri
1095 1544 1107 1579 ;
1129 1543 1222 1583 quae
1236 1544 1292 1571 res
1306 1531 1462 1570 omnino
1484 1545 1530 1571 ex
1542 1531 1613 1572 hu-

363 1601 420 1657 jus
434 1602 602 1641 carminis
618 1597 829 1638 definitione
844 1594 1040 1649 judicanda
1054 1592 1115 1633 ess.
1140 1593 1232 1633 Illud
1247 1595 1366 1633 notari
1385 1594 1495 1635 debet
1509 1625 1522 1644 ‚
1546 1595 1612 1635 etfi

363 1672 622 1719 argumentum
637 1674 681 1699 ex
701 1658 774 1711 ipsa
791 1658 866 1697 vita
887 1654 1016 1695 rustica
1032 1655 1185 1709 petitum
1205 1655 1276 1695 dici
1290 1665 1470 1709 nequeat,
1491 1656 1541 1695 ita
1556 1667 1610 1696 ta-

363 1739 452 1770 men
471 1723 558 1763 illud
569 1721 640 1762 esse
652 1719 846 1759 tratiatum
859 1748 870 1767 ‚
885 1727 924 1756 ut
938 1716 1133 1756 sententiae
1148 1717 1189 1756 &
1203 1718 1377 1771 imagines
1391 1731 1512 1757 rerum
1525 1716 1603 1759 five

363 1787 412 1826 ab
434 1801 477 1825 ea
493 1786 571 1824 vita
583 1814 596 1831 ‚
617 1783 694 1823 five
711 1798 733 1822 a
747 1783 823 1822 vita
835 1777 1164 1834 antiquiffimorum
1183 1780 1377 1819 hominum
1388 1811 1404 1829 ,
1418 1779 1608 1822 arceffitae

361 1848 442 1889 smt.
467 1847 654 1887 Notantur
679 1847 788 1886 etiam
808 1843 980 1884 nonnulla
1004 1841 1112 1883 doCie
1138 1843 1181 1882 &
1203 1842 1389 1896 ingeniose
1410 1857 1433 1883 a
1452 1842 1609 1897 Klotzio

363 1912 506 1967 Opusc.
529 1927 566 1966 p.
589 1924 665 1967 290
686 1909 763 1965 sqq.

312 2054 388 2173 S
404 2134 635 2165 lctmnts
664 2114 789 2162 Musae
807 2149 821 2170 ‚
847 2113 961 2179 paulo
980 2109 1121 2177 maiora
1140 2128 1337 2167 canamus;

309 2194 400 2241 Non
428 2191 549 2239 omnis
575 2189 716 2237 arbusta
739 2190 899 2253 juvant,
928 2186 1160 2251 humilesque
1186 2186 1351 2251 myricae.

309 2265 348 2312 Si
368 2265 531 2313 canimus
550 2264 683 2318 filvas,
701 2261 802 2310 filvae
821 2260 891 2308 sint
914 2259 1082 2308 Consule
1104 2259 1244 2324 dignae.

310 2337 452 2386 Ultima
477 2336 625 2384 Cumaei
643 2336 748 2383 venit
767 2336 839 2399 jam
860 2332 1030 2381 carminis
1048 2347 1135 2381 aetas
1153 2353 1163 2378 :

309 2415 474 2477 Magnus
492 2413 538 2460 ab
562 2412 713 2476 integro
734 2410 921 2458 seclorum
942 2407 1102 2455 nascitur
1121 2407 1233 2454 ordo.
1581 2423 1607 2471 ς·

311 2490 386 2535 Jam
404 2488 499 2535 redit
520 2486 560 2535 δι
578 2486 732 2550 Virgo:
758 2485 918 2533 redeunt
934 2481 1103 2530 Saturnia
1125 2499 1242 2547 regna
1260 2502 1271 2527 :
