1715 3028
360 183 460 233 166
695 187 1200 252 quJRGJL
1235 178 1348 237 1³1·

363 296 537 342 Instamus
558 311 678 342 tamen
698 295 936 343 immemores
957 296 1119 360 caecique
1137 296 1265 345 furore
1282 308 1297 353 ,’

364 372 411 415 Et
431 370 634 416 monstrum
656 370 786 417 infelix
810 370 944 417 sacrata
966 370 1117 417 fistimus
1142 390 1237 418 arce.

361 445 468 490 Tunc
499 443 609 490 etiam
637 443 718 489 fatis
743 443 863 509 aperit
891 445 1085 491 Cassandra
1116 445 1246 492 futuris

361 519 439 562 Ora
456 551 467 570 2
486 515 558 561 Dei
575 515 671 579 jussu
691 533 770 562 non
788 534 948 580 unquam
969 516 1109 563 credita
1126 515 1295 564 Teucris.

359 589 442 633 Nos
463 588 616 634 delubra
635 591 756 634 Deum
777 588 899 635 miseri
918 624 930 643 ,
955 589 1088 653 quibus
1112 589 1263 636 ultimus
1281 589 1372 636 effer

358 659 427 705 Ille
449 658 527 706 dies
541 696 553 714 ‚
577 660 665 706 festa
681 661 846 708 velamus
866 661 1003 708 fronde
1023 680 1091 726 per
1107 662 1251 709 urbem.

357 732 524 779 Vertitur
547 733 686 780 interea
711 735 850 781 coelum
865 771 878 789 ‚
901 734 941 781 &
966 735 1039 781 ruit
1065 753 1213 782 oceano
1236 754 1312 782 nox
1331 770 1344 790 ‚

355 806 560 854 Involvens
579 807 706 855 umbra
725 826 858 873 magna
875 823 1085 872 terramque
1105 808 1313 873 polumque
1333 843 1347 861 ‚

354 879 719 946 Myrmidonumque
738 882 873 928 dolos:
895 881 959 927 fusi
980 901 1048 946 per
1066 880 1206 928 moenia
1223 881 1361 928 Teucri

354 954 611 1001 Conticuere:
634 955 752 1020 sopor
769 955 880 1002 fessos
898 955 1159 1019 compleffitur
1177 969 1287 1000 artus.

418 1029 465 1072 Et
487 1027 558 1089 jam
576 1027 718 1091 Argiva
737 1028 894 1092 phalanx
914 1027 1092 1074 instruttis
1112 1027 1266 1073 navibus
1289 1026 1366 1072 ibat

349 1095 387 1143 A
403 1098 562 1144 Tenedo
579 1134 591 1152 7
610 1098 732 1145 tacitae
750 1117 819 1163 per
836 1099 951 1145 amica
968 1097 1112 1145 silentia
1129 1098 1230 1143 lunae
1247 1131 1260 1151 ‚

351 1171 478 1218 Litora
498 1188 587 1218 nota
606 1187 736 1236 petens
756 1193 764 1217 :
792 1172 955 1218 flammas
974 1191 1057 1218 cum
1079 1172 1182 1235 regia
1201 1169 1338 1236 puppis

350 1245 565 1291 Extulerat:
585 1245 745 1309 satisque
770 1249 894 1292 Deum
916 1246 1089 1292 defensus
1109 1245 1243 1309 iniquis
1261 1280 1275 1299 ,

348 1318 519 1366 Inclusos
537 1335 646 1366 utero
666 1323 817 1366 Danaos
843 1319 882 1366 δε
907 1319 1017 1384 pinea
1036 1319 1160 1366 furtim

350 1393 463 1438 Laxat
482 1392 633 1438 claustra
655 1393 773 1439 Sinon
791 1414 799 1437 :
827 1393 914 1439 illos
934 1392 1137 1457 patefaftus
1161 1392 1206 1438 ad
1231 1411 1334 1439 auras

347 1465 487 1510 Reddit
506 1483 622 1528 equus
638 1501 649 1519 .,
677 1466 829 1529 laerique
849 1484 945 1512 cavo
972 1465 1010 1511 se
1026 1466 1168 1511 robore
1191 1479 1370 1529 promunt

346 1538 591 1584 Thessandrus
606 1539 878 1602 Sthenelusque
899 1539 1011 1585 duces
1027 1575 1039 1593 .,
1058 1539 1098 1585 ὅ(
1116 1538 1214 1585 dirus
1232 1539 1362 1586 Ulixes
1375 1575 1387 1593 ‚

345 1612 549 1658 Demiffnm
570 1613 658 1677 lapfi
677 1632 743 1677 per
760 1614 885 1660 funem
900 1649 911 1667 ,
933 1613 1161 1677 Acamasque
1177 1649 1188 1666 ,
1205 1613 1410 1678 Thoasque
1430 1649 1444 1668 ‚

345 1685 569 1748 Pelidesque
588 1687 868 1751 Neoptolemus
883 1723 895 1740 ,
914 1687 1128 1751 primusque
1145 1686 1337 1734 Machaon
1351 1721 1364 1741 ‚

344 1763 393 1806 Et
411 1761 609 1807 Menelaus
622 1797 634 1816 ‚
653 1761 692 1808 ὅ(
711 1761 789 1825 ipse
807 1761 888 1807 doli
907 1761 1108 1807 fabricator
1132 1762 1269 1824 Epeos.

342 1833 523 1880 Invadunt
540 1834 669 1880 urbem
688 1834 821 1880 somno
835 1833 1004 1897 vinoque
1023 1832 1224 1897 sepultam:

345 1906 551 1955 Caeduntur
568 1907 704 1971 vigiles
725 1943 737 1962 ‚
765 1908 960 1972 portisque
980 1906 1190 1971 patentibus
1209 1906 1332 1953 omnis

342 1977 546 2041 Accipiunt
565 1978 690 2024 socios
706 2014 719 2032 ,
742 1997 851 2043 atque
867 1978 1012 2043 agmina
1037 1977 1187 2025 conscia
1214 1978 1386 2042 jungunt.

411 2056 578 2119 Tempus
606 2072 682 2101 erat
700 2090 713 2109 ,
738 2073 815 2118 quo
837 2055 954 2120 prima
972 2055 1077 2118 quies
1095 2054 1311 2102 mortalibus
1332 2054 1441 2119 aegris

343 2127 478 2193 Incipit
493 2165 505 2183 .‚
533 2128 573 2176 ὃ(
591 2129 697 2175 dono
719 2129 858 2176 Divum
878 2129 1070 2193 gratissima
1088 2128 1211 2194 serpit.

342 2205 384 2247 In
404 2201 539 2247 somnis
559 2219 648 2247 ecce
668 2217 751 2247 ante
777 2201 912 2248 oculos
940 2201 1178 2248 moestiffimus
1196 2201 1342 2249 Hesior

340 2273 452 2320 *Visus
472 2275 591 2321 adesse
607 2275 725 2330 mihi,
742 2276 944 2340 largosque
967 2276 1161 2323 effundere
1184 2276 1294 2323 fletus
1313 2298 1327 2331 ;

341 2350 516 2411 Raptatus
533 2349 630 2413 bigis
650 2385 662 2404 ,
687 2365 728 2396 ut
752 2349 943 2414 quondam
959 2385 972 2402 ‚
1001 2365 1154 2414 aterque
1180 2366 1337 2397 cruento

340 2420 502 2467 Pulvere
521 2457 532 2475 ‚
560 2440 703 2486 perque
727 2423 841 2486 pedes
861 2422 1032 2484 trajectus
1056 2422 1136 2468 lora
1159 2424 1348 2469 tumentis.

342 2491 414 2540 Hei
435 2492 523 2540 mihi
539 2528 552 2548 ‚
579 2493 697 2560 qualis
715 2500 817 2541 erat!
837 2508 1013 2559 quantum
1031 2509 1188 2542 mutatus
1207 2496 1254 2544 ab
1273 2496 1343 2544 illo

1552 383 1657 436 ⁴245

1558 744 1650 797 25&

1558 1113 1644 1159 255

1552 1449 1642 1509 ‘260

1544 1837 1631 1898 265
1689 1891 1693 1897 .

1545 2220 1636 2274 270
