1715 3028
284 168 721 229 AENEJDOS
766 170 920 237 ΗΒ,
972 173 1070 220 VJ.
1237 178 1333 235 271⁴

36 277 290 324 Procumbunt
314 276 459 341 piceae:
487 276 596 323 sonat
614 277 682 323 isla
703 275 891 325 securibus
910 277 983 324 ilex
1002 298 1011 324 z
1243 284 1332 326 18&

37 350 302 414 Fraxineaeque
323 350 443 396 trabes
459 386 471 405 ‚
490 350 618 396 cuneis
644 349 685 396 &
703 349 805 396 fiffile
826 351 944 397 robur

38 424 223 470 Scinditur
240 446 248 469 :
268 424 478 472 advolvunt
498 423 661 487 ingentis
678 421 871 468 montibus
892 442 1020 470 ornos.

35 500 119 545 Nec
138 517 216 544 non
234 501 368 544 AEneas
389 516 505 562 opera
522 497 618 542 inter
640 495 725 542 talia
742 495 880 560 primus

38 576 217 620 Hortatur
237 573 361 620 socios
377 608 389 626 ‚
413 571 635 636 paribusque
655 570 861 634 accingitur
879 571 998 617 armis.

39 653 166 710 Atque
185 647 263 693 haec
283 647 362 711 ipse
384 646 450 692 suo
470 644 558 690 tristi
579 662 661 689 cum
682 644 799 690 corde
819 644 968 691 volutat
986 680 999 698 ‚
1252 665 1267 689 1
1280 652 1336 704 85

39 718 266 782 Adspeffins
285 718 412 764 filvam
445 714 658 762 immensam
677 750 689 769 ‚
718 714 758 761 δί
775 714 824 761 fic
843 734 943 762 voce
961 732 1132 781 precatur
1151 739 1161 762 2

40 791 79 837 Si
98 809 194 837 nunc
216 790 253 836 se
279 789 388 836 nobis
412 789 476 835 ille
497 806 629 834 aureus
650 788 784 835 arbore
802 807 921 835 ramus

41 864 221 911 Ostendat
240 881 394 909 nemore
414 863 450 908 in
469 878 595 909 tanto:
620 863 771 926 quando
798 863 925 911 omnia
943 882 1034 910 vere

41 940 126 983 Heu
144 934 296 982 nimium
318 935 364 981 de
383 951 420 981 te
440 950 570 991 vates,
590 934 741 982 Misene
758 973 771 992 ‚
791 936 918 982 locuta
939 935 1001 981 est.

29 1011 118 1057 -Vix
137 1029 179 1057 ea
196 1009 288 1056 fatus
307 1024 404 1063 erat,
425 1008 586 1074 geminae
606 1025 689 1053 cum
709 1008 807 1055 forte
826 1009 1015 1055 columbae
1253 1026 1269 1052 1
1282 1025 1342 1066 90·

45 1080 127 1145 Ipsa
143 1080 207 1126 sub
227 1098 292 1126 ora
312 1078 383 1125 viri
404 1080 508 1126 coelo
527 1098 668 1125 venere
687 1080 861 1126 volantes
877 1115 891 1135 ‚

44 1157 92 1201 Et
109 1153 219 1200 viridi
237 1153 366 1200 sedere
386 1153 483 1200 solo.
509 1157 607 1200 Turn
626 1154 802 1200 maximus
825 1155 937 1202 heros

50 1230 241 1274 Maternas
261 1226 433 1290 agnoscit
456 1226 533 1273 avis
548 1263 560 1281 ‚
581 1226 759 1291 laetusque
778 1243 948 1292 precatur
966 1248 975 1273 :

49 1301 132 1346 Este
152 1300 265 1346 duces
280 1334 293 1353 .,
314 1319 337 1345 o
351 1334 363 1353 ‚
381 1299 407 1344 si
431 1299 516 1363 quia
534 1299 594 1346 via
614 1300 663 1346 est
679 1337 690 1355 ‚
710 1301 931 1365 cursumque
950 1319 1018 1365 per
1038 1319 1139 1347 auras

50 1374 213 1438 Dirigite
235 1374 273 1420 in
292 1374 399 1420 lucos
416 1410 428 1428 ,
447 1375 511 1421 ubi
532 1375 710 1439 pinguem
729 1376 834 1422 dives
859 1393 991 1440 opacat
1264 1392 1348 1437 195

51 1452 184 1495 Ramus
203 1447 366 1492 humum.
384 1450 542 1509 Tuque,
563 1468 587 1494 o
603 1483 616 1501 ‚
635 1448 757 1493 dubiis
777 1467 824 1494 ne
847 1449 966 1496 defice
983 1450 1094 1496 rebus
1107 1485 1121 1504 .‚

51 1522 147 1570 Diva
165 1540 306 1586 parens.
332 1520 393 1566 Sic
416 1520 547 1566 effatus
568 1521 721 1585 vestigia
741 1522 889 1585 preffit;

51 1595 267 1642 Observans
286 1612 368 1657 quae
387 1592 488 1656 signa
505 1593 625 1640 ferant
639 1629 651 1647 ,
671 1612 749 1657 quo
771 1595 927 1641 tendere
947 1611 1123 1660 pergant.

50 1667 244 1715 Pascentes
263 1666 339 1712 illae
362 1680 499 1711 tantum
520 1665 673 1729 prodire
694 1666 864 1713 volando
884 1703 897 1721 ‚

53 1743 247 1801 Quantum
268 1738 348 1784 acie
366 1738 513 1801 possent
533 1739 635 1785 oculi
655 1739 801 1786 servare
823 1740 1060 1803 sequentium.
1263 1759 1355 1788 :too

41 1814 145 1861 ‘Inde
160 1849 173 1867 ‚
206 1813 269 1858 ubi
288 1830 426 1858 venere
444 1813 489 1858 ad
507 1812 630 1859 fauces
651 1808 902 1878 graveolentis
922 1814 1069 1860 Averni
1088 1849 1102 1868 ‚

55 1887 216 1934 Tollunt
236 1885 273 1932 se
292 1885 433 1932 celeres
450 1906 461 1939 3
480 1885 740 1950 liquidumque
758 1905 824 1949 per
844 1905 927 1932 aera
946 1886 1063 1951 lapsae

56 1959 214 2006 Sedibus
233 1957 370 2022 optatis
391 1957 552 2022 geminae
574 1958 682 2022 super
702 1960 836 2005 arbore
856 1959 979 2006 fidunt
1002 1982 1012 2007 :

57 2033 239 2080 Discolor
256 2032 357 2078 unde
375 2033 452 2078 auri
471 2051 539 2097 per
555 2052 676 2079 ramos
696 2053 779 2081 aura
801 2035 955 2082 refulsit.

2 2114 5 2116 ’
60 2107 187 2168 Quale
207 2106 303 2152 solet
322 2105 419 2153 filvis
436 2107 595 2153 brumali
615 2107 758 2172 frigore
776 2110 917 2156 viscum
1267 2129 1354 2175 205

61 2179 213 2227 Fronde
232 2179 354 2226 virere
374 2199 473 2227 nova
487 2216 497 2235 ,
517 2181 621 2244 quod
641 2200 718 2228 non
739 2182 800 2228 sua
819 2182 975 2231 seminat.
994 2184 1103 2231 arbos
1117 2219 1131 2239 ,

61 2259 107 2302 Et
125 2271 265 2299 croceo
283 2252 377 2299 foetu
394 2254 521 2300 teretis
539 2254 766 2301 circumdare
787 2271 952 2303 truncos.
1018 2247 1023 2253 .

65 2327 168 2374 Talis
189 2342 265 2372 erat
283 2325 424 2390 species
443 2327 519 2373 auri
539 2327 749 2375 frondentis
768 2347 886 2393 opaca

65 2401 155 2448 llice
174 2421 181 2445 :
201 2399 250 2445 fic
267 2399 343 2445 leni
361 2400 590 2464 crepitabant
612 2401 754 2447 brffiea
774 2417 905 2448 vento.

69 2474 241 2540 Corripit
261 2479 396 2521 AEneas
417 2476 608 2542 externplo
625 2511 640 2530 2,
659 2475 865 2541 avidusque
881 2476 1054 2542 refringit
1274 2501 1325 2527 υ
1337 2499 1364 2528 o
