1715 3028
456 173 1040 220 BUCOLJCA.
1329 190 1394 238 „13

221 322 256 368 P
290 322 332 367 A
367 317 492 391 LAE
527 324 578 370 M
611 318 745 368 ΟΝ.
819 324 1118 390 ΕεῖιοοΑ
1169 323 1275 370 ΙΙΙ.

419 448 1087 536 ARGUMENTUM

103 608 324 663 Disceptant
338 609 411 648 hoc
429 610 589 652 carmine
603 609 745 647 alternis
763 609 926 649 versibus
947 609 1022 649 duo
1040 603 1222 663 pastores,
1236 609 1405 657 Damoe-

158 683 211 710 tas
233 672 274 710 &
293 671 481 710 Menalcas
499 687 509 720 ;
533 669 636 724 cujus
651 672 845 718 carminis,
861 673 1096 711 Amoebaeum
1118 673 1250 712 dicitur
1262 706 1273 723 ‚
1287 689 1329 713 ea
1344 675 1404 713 lex

157 733 208 774 est
218 765 231 780 ,
248 745 287 771 ut
309 734 336 772 is
350 764 362 782 ‚
385 735 446 786 qui
459 733 655 786 respondet
665 766 677 783 ‚
692 734 822 774 iisdem
837 733 1000 774 verfibus
1013 750 1055 774 ac
1069 739 1228 776 numeris
1241 752 1303 778 aut
1318 752 1407 777 con-

155 796 304 833 trarium
330 808 390 834 aut
406 794 523 849 majus
537 797 578 835 ὃ(
591 796 775 849 pulchrius
789 797 955 850 aliquod
963 797 1083 848 (licat,
1105 810 1166 837 aut
1182 800 1251 839 ulla
1267 801 1335 840 alia
1348 815 1407 840 ra-

157 859 257 897 tione
270 858 383 899 simile
399 860 485 917 quid
500 859 673 912 subjiciat.
690 859 821 914 Neque
838 875 883 900 ex
899 860 1031 900 eodem
1046 863 1172 911 omnia
1190 875 1408 930 argumento

159 924 297 975 petita,
312 923 374 962 sed
392 938 413 962 a
428 925 538 982 variis
552 938 594 963 ac
611 923 763 964 diversis
777 923 883 976 plane
898 925 1011 963 rebus¹
1017 923 1197 980 arcessita
1189 924 1316 978 ‚cujus
1325 928 1410 980 qui-

158 983 245 1022 dem
259 985 309 1023 rei
331 985 425 1024 bene
440 980 623 1025 memores
639 985 709 1025 effe
723 985 925 1031 debemus,
941 999 987 1023 ne
1000 982 1208 1038 argutemur
1221 987 1256 1024 in
1268 985 1410 1026 consti-

159 1047 296 1085 tuendo
318 1046 575 1087 sententiarum
598 1049 728 1087 ordine
752 1049 793 1087 &
816 1062 923 1088 nexu.
949 1043 1070 1086 Etiam
1091 1040 1220 1087 nostro
1241 1060 1409 1103 tempore

159 1108 236 1162 ejus
251 1112 392 1163 generis
411 1113 572 1149 carmina
596 1111 692 1163 apud
710 1110 850 1149 Italos
843 1124 879 1148 m
905 1110 1024 1161 pretio
1040 1108 1193 1157 haberi,
1211 1111 1253 1150 ἃ
1273 1110 1411 1150 laudari

151 1174 288 1223 *poetas
310 1173 574 1225 Improviſsatori
589 1203 602 1219 ,
627 1172 802 1225 Spencius
816 1203 827 1220 ‚
853 1171 997 1224 Anglus
1022 1171 1302 1225 elegantiffimus
1327 1173 1409 1226 Ecl.

162 1231 240 1271 VII
256 1262 268 1278 ‚
293 1247 347 1284 pr.
369 1234 514 1271 notavit
528 1264 539 1280 ,
566 1234 606 1271 &
629 1245 715 1271 nota
737 1248 792 1271 res
807 1232 870 1272 est.
896 1232 1058 1271 Occafio
1077 1233 1182 1287 hujus
1205 1239 1411 1275 certaminis

162 1307 291 1347 parum
306 1294 458 1333 feliciter
478 1310 499 1333 a
515 1296 695 1333 conviciis
710 1296 845 1333 mutuis
860 1296 897 1333 ὅ(
915 1294 1057 1347 probris
1073 1326 1086 1342 ,
1110 1297 1238 1348 quibus
1255 1297 1290 1337 se
1307 1300 1414 1343 inyi-

164 1370 245 1394 cem
260 1356 433 1395 lacessunt
443 1387 456 1404 ,
481 1360 613 1409 petitur
626 1389 636 1406 ‚
653 1359 690 1394 in
709 1358 839 1410 quibus
852 1371 926 1395 non
940 1357 1058 1395 modo
1075 1358 1216 1409 honesti
1230 1361 1272 1399 ὃς
1286 1355 1413 1410 decori
1444 1382 1448 1385 -

163 1417 259 1456 nulla
275 1419 371 1456 ratio
387 1414 516 1456 habita
523 1449 537 1466 ‚
552 1432 686 1457 verum
702 1433 747 1456 ne
763 1419 802 1456 id
817 1418 967 1470 quidem
978 1449 991 1464 ,
1007 1419 1110 1470 ‘quod
1125 1423 1259 1472 poetae
1275 1436 1414 1469 nomen

163 1482 206 1521 ὅ(
219 1493 385 1521 naturam
399 1482 510 1523 efficit
525 1515 537 1530 ‚
559 1474 760 1537 speciatum
774 1482 826 1521 est
839 1514 852 1530 ‚
870 1493 908 1521 ut
922 1496 997 1520 non
1011 1480 1074 1519 nifi
1090 1483 1213 1536 gratae
1227 1484 1268 1522 ὅ(
1282 1483 1414 1536 jucun-

154 1544 233 1587 dae
248 1560 369 1587 rerum
386 1547 562 1600 imagines
578 1547 845 1585 exhiberentur.
859 1545 1036 1585 Ceterum
1048 1548 1202 1598 petitum
1217 1559 1415 1600 argumen-

164 1616 244 1646 tum
257 1622 301 1646 ex
313 1606 515 1647 Theocrito
529 1608 640 1661 Idyll.
661 1607 720 1647 IV
737 1608 778 1647 ὅ(
792 1608 844 1647 V.
868 1607 931 1646 De
943 1620 1110 1662 tempore
1126 1607 1231 1661 hujus
1246 1611 1413 1647 carminis

169 1682 212 1708 v.
232 1669 320 1708 Vita
339 1670 488 1724 Virgilii
510 1685 543 1709 a.
563 1685 610 1721 71
624 1684 637 1709 1
650 1702 664 1717 ,
695 1670 742 1709 cf.
757 1684 848 1724 709.
885 1671 1019 1725 Agitur
1038 1686 1093 1711 res
1112 1673 1203 1710 inter
1222 1671 1354 1725 pascua
1371 1673 1413 1713 &C

133 1762 135 1765 -
169 1743 297 1786 greges
312 1746 376 1786 per
390 1746 498 1788 agros
514 1746 665 1787 gramen
681 1745 886 1787 carpentes.
906 1733 952 1773 cf.
972 1749 1008 1773 v.
1028 1747 1087 1788 55.

276 1868 596 1924 MENALCAS‚
622 1873 890 1917 DAMOETAS
909 1906 922 1926 ‚
958 1873 1249 1918 PALAEMON.

119 2057 166 2086 M.
187 1977 315 2092 D
329 2058 343 2086 1
357 2056 383 2085 c
408 2040 497 2087 mihi
519 2077 531 2095 ‚
551 2043 725 2089 Damoeta
741 2078 753 2096 ,
774 2042 897 2105 cujum
918 2051 1059 2106 pecus?
1080 2064 1125 2091 an
1142 2044 1348 2091 Meliboei?

119 2129 160 2159 o.
188 2115 307 2167 Non3
334 2130 465 2160 verum
485 2115 670 2179 AEgonis:
696 2133 815 2180 nuper
832 2114 921 2162 mihi
942 2115 1092 2162 tradidit
1111 2121 1252 2182 AEgon.
1304 2159 1305 2162 ,

117 2203 166 2233 Μ.
187 2188 320 2234 Infelix
341 2209 364 2236 o
387 2189 561 2255 semper,
580 2209 704 2243 oves
724 2197 863 2255 pecusl
883 2189 962 2255 ipse
982 2193 1154 2238 Neaeram

116 2264 218 2312 Dum
237 2262 371 2317 fovet
387 2282 457 2318 ac
476 2282 522 2310 ne
539 2282 600 2311 me
617 2263 683 2311 fibi
704 2265 875 2329 praeferat
896 2264 986 2320 illa,
1008 2282 1185 2322 veretur3

117 2327 189 2381 ch
209 2335 350 2382 alienus
374 2356 466 2383 oves
487 2338 608 2384 custos
626 2338 682 2385 bis
701 2337 873 2402 mulget
864 2356 901 2384 m
919 2337 1038 2386 hora:

120 2411 168 2456 Et
188 2410 315 2457 succus
333 2412 493 2476 pecmi,
521 2413 562 2460 δι
578 2413 635 2460 lac
654 2413 870 2461 subducitur
885 2414 1002 2479 agnis.

123 2500 167 2527 1>-
185 2486 329 2533 Parcius
350 2486 411 2533 ista
432 2486 526 2538 viris„
540 2502 659 2536 tamen
680 2486 894 2551 objicienda
914 2506 1117 2537 memento„
