1715 3028
1262 147 1358 213 '185

166 351 169 353 ’
225 345 287 401 Ρ.
340 342 719 399 VIRGILII
797 330 1205 396 MARONIS

69 485 1355 610 AENEivoe

387 859 877 870 ——ss—-n

319 964 1102 1007 ARGUMENTUeM.

65 1091 209 1140 §versa
237 1089 387 1141 Troja,
413 1092 548 1130 AEneas
577 1092 735 1130 colleffis
765 1091 913 1130 suorum
938 1091 1098 1144 reliquiis
1114 1122 1128 1139 ,
1144 1105 1237 1145 quae
1264 1093 1365 1131 caedi

125 1152 350 1205 flammisque
376 1152 605 1205 supererant,
629 1168 824 1206 parataque
854 1154 953 1206 apud
974 1154 1211 1193 Antandrum
1235 1155 1367 1206 viginti

125 1216 280 1253 navium
295 1213 399 1252 classe
412 1245 425 1260 ,
443 1215 604 1266 primum
621 1216 660 1252 in
675 1214 878 1253 Thraciam
893 1215 1055 1254 defertur
1069 1231 1076 1254 :
1094 1216 1157 1253 ubi
1172 1229 1255 1254 cum
1273 1216 1366 1255 futu-

125 1292 185 1315 rae
209 1267 318 1315 urbis'
333 1277 570 1316 fundamenta
588 1289 765 1330 poneret,
791 1280 935 1317 territus
957 1277 1140 1331 Polydori
1162 1293 1183 1316 a
1204 1278 1365 1331 Polym-

124 1338 264 1377 nestore
280 1339 371 1377 caefi
388 1340 560 1392 prodigiis
575 1371 588 1385 ‚
602 1339 740 1378 Delum
757 1342 856 1393 petit.
875 1340 1127 1393 Consultoque
1141 1341 1192 1379 ibi
1211 1340 1366 1392 Apolli—

123 1404 178 1442 nis
204 1403 356 1440 oraculo
372 1433 383 1451 ‚
406 1417 492 1441 cum
512 1404 702 1454 antiquam
726 1405 841 1456 gentis
868 1404 951 1442 suae
977 1416 1160 1450 matrem,
1189 1404 1261 1441 hoc
1287 1402 1364 1448 est,

124 1466 284 1517 primam
299 1464 445 1516 originis
461 1464 541 1503 suae
560 1477 695 1503 terram
711 1465 948 1518 repetendam
964 1464 1139 1503 didiciffet
1150 1495 1163 1510 ,
1179 1463 1264 1503 falsa
1282 1464 1365 1503 An-

121 1527 240 1566 chisae
270 1527 380 1580 patris
412 1527 710 1580 interpretatione
742 1528 917 1567 addufms
933 1559 946 1575 ,
977 1525 1143 1568 Cretam¹
1162 1529 1364 1567 contendit⁰

123 1592 269 1631 Verum
298 1607 383 1631 cum
397 1593 447 1631 ibi
466 1607 613 1646 quoque
627 1625 637 1640 ‚
660 1592 783 1647 positis
805 1593 881 1643 jam
906 1595 1100 1633 moenibus
1114 1625 1125 1642 ,
1154 1592 1365 1648 gravissima

123 1654 225 1707 peste
250 1655 492 1708 exagitaretur
508 1686 519 1702 ,
543 1657 578 1692 in
603 1654 739 1693 somnis
754 1657 914 1694 monitus
933 1671 952 1693 a
967 1656 1054 1695 Diis
1068 1656 1261 1708 penatibus
1277 1686 1288 1704 ‚
1304 1669 1366 1693 rea»

122 1716 205 1755 licta
224 1716 334 1757 Creta
346 1748 359 1763 ,
387 1717 527 1756 Italiam
546 1719 648 1769 petit.
666 1718 719 1756 Ibi
746 1716 862 1756 subito
884 1719 1016 1757 oborta
1033 1717 1248 1769 tempestate
1265 1749 1276 1766 ‚
1291 1718 1366 1770 pri-²

123 1775 228 1819 mum
243 1779 290 1818 ad
306 1779 526 1831 Strophades
548 1778 676 1818 insulas
694 1779 859 1832 appulsus
874 1812 885 1826 ‚
902 1781 948 1818 ab
967 1780 1146 1832 Harpyiis
1163 1778 1366 1818 infestatur„

123 1840 222 1880 Mox
237 1841 386 1880 Actium
409 1840 546 1879 delatus
561 1871 574 1887 ,
600 1842 638 1878 in
660 1841 845 1880 honorem
860 1842 1044 1894 Apollinis
1067 1841 1175 1880 ludos
1194 1841 1364 1880 celebrat,

122 1902 214 1943 Inde
229 1902 439 1955 Corcyram
465 1902 735 1955 praeterveetus
751 1934 764 1950 ,
790 1904 945 1956 Epirum
960 1914 1058 1943 tenet
1075 1921 1083 1944 z
1108 1918 1201 1956 quae
1216 1903 1252 1941 id
1267 1914 1366 1942 tem-

124 1968 226 2020 poris
243 1966 388 2005 Heleno
412 1966 545 2006 Priami
567 1965 642 2003 filio
661 1967 811 2019 parebat
826 1998 838 2013 ,
866 1968 923 2005 cui
946 1967 1026 2019 post
1052 1967 1186 2019 Pyrrhi
1213 1967 1364 2005 caedem

123 2029 390 2072 Andromache
411 2030 449 2066 in
465 2027 681 2082 conjugium
700 2028 857 2071 cesserat.
876 2029 1039 2068 Helenus
1055 2031 1215 2069 AEneam
1231 2029 1365 2081 hospi-

123 2095 176 2131 tio
195 2092 336 2144 excepit
348 2121 360 2137 ‚
388 2093 562 2143 omnique
578 2091 808 2130 humanitatis
837 2105 969 2144 genere
986 2092 1237 2144 complectitur
1250 2123 1263 2138 ,
1294 2093 1364 2130 im·-

123 2155 410 2205 minentiumque
443 2165 540 2191 terra
566 2154 729 2205 marique
756 2153 1002 2206 periculorum
1035 2153 1230 2192 certiorem
1267 2153 1364 2194 facit,

126 2217 262 2257 AEneas
277 2247 287 2264 ‚
310 2216 432 2255 relicta
452 2216 568 2268 Epiro
581 2247 591 2264 ‚
607 2214 813 2253 Tarentum
825 2247 837 2262 ³
867 2216 1095 2267 primamque
1120 2214 1243 2253 Italiae
1260 2230 1366 2254 oram

125 2279 396 2333 praetervectus
412 2310 423 2327 ‚
449 2279 495 2317 ad
525 2294 607 2317 eam
629 2277 769 2316 Siciliae
786 2289 927 2330 partem
944 2308 957 2324 ,
982 2292 1075 2330 quae
1099 2278 1233 2317 AEtnae
1250 2281 1367 2317 monti

125 2340 268 2393 adjacet
280 2371 293 2387 ,
307 2340 506 2392 appellitur.
527 2340 583 2379 Ibi
605 2339 920 2378 Achaemenidem
934 2370 947 2386 ,
963 2339 1009 2376 ab
1024 2337 1157 2391 Ulyffe
1171 2340 1208 2376 in
1222 2339 1365 2392 Cyclo=

125 2404 180 2456 pis
204 2413 308 2441 antro
324 2402 526 2450 desertum,
549 2402 744 2455 supplicem
760 2402 889 2454 recipit
905 2431 917 2448 ‚
941 2399 1158 2452 edoctusque
1175 2401 1222 2439 ab
1246 2415 1291 2439 eo
1317 2400 1364 2439 de

62 2500 63 2503 ,
125 2464 339 2519 Cyclopum
361 2464 500 2505 feritate
516 2495 530 2512 ,
557 2465 643 2505 inde
665 2463 843 2510 anchoras
865 2460 996 2501 solvit:
1019 2475 1233 2515 memorque
1255 2476 1360 2516 praev
