<?xml version="1.0" encoding="UTF-8"?>
<!DOCTYPE html PUBLIC "-//W3C//DTD XHTML 1.0 Transitional//EN"
    "http://www.w3.org/TR/xhtml1/DTD/xhtml1-transitional.dtd">
<html xmlns="http://www.w3.org/1999/xhtml" xml:lang="en" lang="en">
 <head>
  <title>
</title>
<meta http-equiv="Content-Type" content="text/html;charset=utf-8" />
  <meta name='ocr-system' content='tesseract 3.04.00' />
  <meta name='ocr-capabilities' content='ocr_page ocr_carea ocr_par ocr_line ocrx_word'/>
</head>
<body>
  <div class='ocr_page' id='page_1' title='image "./pvirgiliimaronis001virg_0112.png"; bbox 0 0 1715 3028; ppageno 0'>
   <div class='ocr_carea' id='block_1_1' title="bbox 334 159 1295 210">
    <p class='ocr_par' dir='ltr' id='par_1_1' title="bbox 334 159 1295 210">
     <span class='ocr_line' id='line_1_1' title="bbox 334 159 1295 210; baseline 0.005 -5"><span class='ocrx_word' id='word_1_1' title='bbox 334 159 426 206; x_wconf 72' lang='lat'><strong>106</strong></span> <span class='ocrx_word' id='word_1_2' title='bbox 677 161 1295 210; x_wconf 77' lang='lat' dir='ltr'><em>P.VIRGILII</em></span> 
     </span>
    </p>
   </div>
   <div class='ocr_carea' id='block_1_2' title="bbox 327 248 1400 479">
    <p class='ocr_par' dir='ltr' id='par_1_2' title="bbox 327 248 1400 479">
     <span class='ocr_line' id='line_1_2' title="bbox 327 248 1400 332; baseline 0.006 -22"><span class='ocrx_word' id='word_1_3' title='bbox 327 267 418 311; x_wconf 90' lang='lat' dir='ltr'><strong>Non</strong></span> <span class='ocrx_word' id='word_1_4' title='bbox 438 278 509 310; x_wconf 88' lang='lat' dir='ltr'><strong>tam</strong></span> <span class='ocrx_word' id='word_1_5' title='bbox 528 264 658 311; x_wconf 88' lang='lat' dir='ltr'>creber</span> <span class='ocrx_word' id='word_1_6' title='bbox 675 282 789 328; x_wconf 82' lang='lat' dir='ltr'><strong>agens</strong></span> <span class='ocrx_word' id='word_1_7' title='bbox 808 263 970 312; x_wconf 79' lang='lat' dir='ltr'>hiemem</span> <span class='ocrx_word' id='word_1_8' title='bbox 993 266 1066 312; x_wconf 87' lang='lat' dir='ltr'><strong>ruit</strong></span> <span class='ocrx_word' id='word_1_9' title='bbox 1084 248 1237 332; x_wconf 64' lang='lat' dir='ltr'><strong>aequbre</strong></span> <span class='ocrx_word' id='word_1_10' title='bbox 1256 268 1368 316; x_wconf 84' lang='lat' dir='ltr'><strong>turbo</strong></span> <span class='ocrx_word' id='word_1_11' title='bbox 1387 304 1400 323; x_wconf 78' lang='lat'>‚</span> 
     </span>
     <span class='ocr_line' id='line_1_3' title="bbox 328 338 1377 406; baseline 0.004 -22"><span class='ocrx_word' id='word_1_12' title='bbox 328 341 454 399; x_wconf 81' lang='lat' dir='ltr'><strong>Quam</strong></span> <span class='ocrx_word' id='word_1_13' title='bbox 472 338 597 387; x_wconf 87' lang='lat' dir='ltr'><strong>multae</strong></span> <span class='ocrx_word' id='word_1_14' title='bbox 614 338 802 404; x_wconf 81' lang='lat' dir='ltr'>pecudum</span> <span class='ocrx_word' id='word_1_15' title='bbox 820 340 951 404; x_wconf 93' lang='lat' dir='ltr'><strong>pestes.</strong></span> <span class='ocrx_word' id='word_1_16' title='bbox 977 343 1060 387; x_wconf 90' lang='lat' dir='ltr'><strong>Nec</strong></span> <span class='ocrx_word' id='word_1_17' title='bbox 1082 340 1225 406; x_wconf 80' lang='lat' dir='ltr'><strong>singula</strong></span> <span class='ocrx_word' id='word_1_18' title='bbox 1247 342 1377 389; x_wconf 85' lang='lat' dir='ltr'><strong>morbi</strong></span> 
     </span>
     <span class='ocr_line' id='line_1_4' title="bbox 329 411 1338 479; baseline 0.003 -21"><span class='ocrx_word' id='word_1_19' title='bbox 329 415 509 477; x_wconf 84' lang='lat' dir='ltr'>Corpora</span> <span class='ocrx_word' id='word_1_20' title='bbox 541 411 779 476; x_wconf 75' lang='lat' dir='ltr'><strong>corripiunt3</strong></span> <span class='ocrx_word' id='word_1_21' title='bbox 807 412 870 458; x_wconf 87' lang='lat' dir='ltr'><strong>sed</strong></span> <span class='ocrx_word' id='word_1_22' title='bbox 894 427 973 459; x_wconf 88' lang='lat' dir='ltr'><strong>tota</strong></span> <span class='ocrx_word' id='word_1_23' title='bbox 999 413 1124 459; x_wconf 80' lang='lat' dir='ltr'><strong>aestiva</strong></span> <span class='ocrx_word' id='word_1_24' title='bbox 1149 430 1306 479; x_wconf 89' lang='lat' dir='ltr'><strong>repente</strong></span> <span class='ocrx_word' id='word_1_25' title='bbox 1325 450 1338 469; x_wconf 86' lang='lat'><strong>‚</strong></span> 
     </span>
    </p>
   </div>
   <div class='ocr_carea' id='block_1_3' title="bbox 1530 287 1618 325">
    <p class='ocr_par' dir='ltr' id='par_1_3' title="bbox 1530 287 1618 325">
     <span class='ocr_line' id='line_1_5' title="bbox 1530 287 1618 325; baseline 0.011 -1"><span class='ocrx_word' id='word_1_26' title='bbox 1530 287 1618 325; x_wconf 74' lang='lat'><strong>47⁰</strong></span> 
     </span>
    </p>
   </div>
   <div class='ocr_carea' id='block_1_4' title="bbox 328 484 1601 553">
    <p class='ocr_par' dir='ltr' id='par_1_4' title="bbox 328 484 1601 553">
     <span class='ocr_line' id='line_1_6' title="bbox 328 484 1601 553; baseline 0.005 -24"><span class='ocrx_word' id='word_1_27' title='bbox 328 487 519 548; x_wconf 87' lang='lat' dir='ltr'><strong>Spemque</strong></span> <span class='ocrx_word' id='word_1_28' title='bbox 550 501 780 549; x_wconf 78' lang='lat' dir='ltr'><strong>gregemque</strong></span> <span class='ocrx_word' id='word_1_29' title='bbox 797 484 901 531; x_wconf 77' lang='lat' dir='ltr'><strong>simul</strong></span> <span class='ocrx_word' id='word_1_30' title='bbox 917 520 929 540; x_wconf 76' lang='lat'>,</span> <span class='ocrx_word' id='word_1_31' title='bbox 946 486 1187 551; x_wconf 64' lang='lat' dir='ltr'><strong>cun&amp;amque</strong></span> <span class='ocrx_word' id='word_1_32' title='bbox 1204 488 1248 534; x_wconf 75' lang='lat' dir='ltr'><strong>ab</strong></span> <span class='ocrx_word' id='word_1_33' title='bbox 1268 485 1417 552; x_wconf 76' lang='lat' dir='ltr'><strong>origine</strong></span> <span class='ocrx_word' id='word_1_34' title='bbox 1438 503 1601 553; x_wconf 78' lang='lat' dir='ltr'><strong>gentem.</strong></span> 
     </span>
    </p>
   </div>
   <div class='ocr_carea' id='block_1_5' title="bbox 323 556 1388 990">
    <p class='ocr_par' dir='ltr' id='par_1_5' title="bbox 323 556 1368 844">
     <span class='ocr_line' id='line_1_7' title="bbox 328 556 1217 625; baseline 0.007 -24"><span class='ocrx_word' id='word_1_35' title='bbox 328 560 426 602; x_wconf 90' lang='lat' dir='ltr'><strong>Tum</strong></span> <span class='ocrx_word' id='word_1_36' title='bbox 446 556 534 603; x_wconf 84' lang='lat' dir='ltr'><strong>sciat</strong></span> <span class='ocrx_word' id='word_1_37' title='bbox 549 557 697 611; x_wconf 83' lang='lat' dir='ltr'><strong>‚aerias</strong></span> <span class='ocrx_word' id='word_1_38' title='bbox 713 557 821 623; x_wconf 88' lang='lat' dir='ltr'><strong>Alpis</strong></span> <span class='ocrx_word' id='word_1_39' title='bbox 834 594 847 613; x_wconf 84' lang='lat'>‚</span> <span class='ocrx_word' id='word_1_40' title='bbox 872 558 912 606; x_wconf 85' lang='lat'>&amp;</span> <span class='ocrx_word' id='word_1_41' title='bbox 930 560 1072 608; x_wconf 81' lang='lat' dir='ltr'><strong>Norica</strong></span> <span class='ocrx_word' id='word_1_42' title='bbox 1093 559 1118 606; x_wconf 79' lang='lat' dir='ltr'><strong>st</strong></span> <span class='ocrx_word' id='word_1_43' title='bbox 1137 561 1217 625; x_wconf 86' lang='lat' dir='ltr'><strong>quis</strong></span> 
     </span>
     <span class='ocr_line' id='line_1_8' title="bbox 325 631 1283 699; baseline 0.004 -23"><span class='ocrx_word' id='word_1_44' title='bbox 325 631 488 678; x_wconf 79' lang='lat' dir='ltr'><strong>Castella</strong></span> <span class='ocrx_word' id='word_1_45' title='bbox 509 631 547 678; x_wconf 89' lang='lat' dir='ltr'><strong>in</strong></span> <span class='ocrx_word' id='word_1_46' title='bbox 567 632 717 680; x_wconf 85' lang='lat' dir='ltr'><strong>tumulis</strong></span> <span class='ocrx_word' id='word_1_47' title='bbox 736 669 747 686; x_wconf 88' lang='lat'>‚</span> <span class='ocrx_word' id='word_1_48' title='bbox 773 632 813 679; x_wconf 71' lang='grc' dir='ltr'>ἃ</span> <span class='ocrx_word' id='word_1_49' title='bbox 832 633 982 699; x_wconf 82' lang='lat' dir='ltr'><strong>Japydis</strong></span> <span class='ocrx_word' id='word_1_50' title='bbox 1001 653 1086 680; x_wconf 86' lang='lat' dir='ltr'><strong>arva</strong></span> <span class='ocrx_word' id='word_1_51' title='bbox 1103 633 1251 681; x_wconf 85' lang='lat' dir='ltr'><strong>Timavi</strong></span> <span class='ocrx_word' id='word_1_52' title='bbox 1269 669 1283 689; x_wconf 88' lang='lat'>‚</span> 
     </span>
     <span class='ocr_line' id='line_1_9' title="bbox 323 706 1368 773; baseline 0.006 -23"><span class='ocrx_word' id='word_1_53' title='bbox 323 706 436 751; x_wconf 90' lang='lat' dir='ltr'><strong>Nunc</strong></span> <span class='ocrx_word' id='word_1_54' title='bbox 457 723 612 770; x_wconf 86' lang='lat' dir='ltr'><strong>quoque</strong></span> <span class='ocrx_word' id='word_1_55' title='bbox 633 707 716 770; x_wconf 91' lang='lat' dir='ltr'><strong>post</strong></span> <span class='ocrx_word' id='word_1_56' title='bbox 732 721 838 754; x_wconf 81' lang='lat' dir='ltr'><strong>tanto</strong></span> <span class='ocrx_word' id='word_1_57' title='bbox 856 706 981 754; x_wconf 73' lang='lat' dir='ltr'><strong>videat</strong></span> <span class='ocrx_word' id='word_1_58' title='bbox 1007 707 1227 771; x_wconf 78' lang='lat' dir='ltr'><strong>desertaque</strong></span> <span class='ocrx_word' id='word_1_59' title='bbox 1247 725 1368 773; x_wconf 78' lang='lat' dir='ltr'><strong>regna·</strong></span> 
     </span>
     <span class='ocr_line' id='line_1_10' title="bbox 323 777 1229 844; baseline 0.003 -22"><span class='ocrx_word' id='word_1_60' title='bbox 323 777 514 824; x_wconf 88' lang='lat' dir='ltr'><strong>Pastorum</strong></span> <span class='ocrx_word' id='word_1_61' title='bbox 528 814 540 832; x_wconf 84' lang='lat'><strong>‚</strong></span> <span class='ocrx_word' id='word_1_62' title='bbox 558 778 599 825; x_wconf 67' lang='grc' dir='ltr'><strong>δε</strong></span> <span class='ocrx_word' id='word_1_63' title='bbox 615 779 736 844; x_wconf 78' lang='lat' dir='ltr'><strong>longe</strong></span> <span class='ocrx_word' id='word_1_64' title='bbox 756 779 866 826; x_wconf 77' lang='lat' dir='ltr'><strong>saltus</strong></span> <span class='ocrx_word' id='word_1_65' title='bbox 882 780 1032 844; x_wconf 88' lang='lat' dir='ltr'><strong>lateque</strong></span> <span class='ocrx_word' id='word_1_66' title='bbox 1055 779 1229 826; x_wconf 78' lang='lat' dir='ltr'><strong>vacantis.</strong></span> 
     </span>
    </p>

    <p class='ocr_par' dir='ltr' id='par_1_6' title="bbox 327 852 1388 990">
     <span class='ocr_line' id='line_1_11' title="bbox 390 852 1388 915; baseline 0.003 -18"><span class='ocrx_word' id='word_1_67' title='bbox 390 854 461 897; x_wconf 73' lang='lat' dir='ltr'><strong>Hic</strong></span> <span class='ocrx_word' id='word_1_68' title='bbox 480 852 672 915; x_wconf 84' lang='lat' dir='ltr'><strong>quondam</strong></span> <span class='ocrx_word' id='word_1_69' title='bbox 691 852 829 901; x_wconf 80' lang='lat' dir='ltr'><strong>morbo</strong></span> <span class='ocrx_word' id='word_1_70' title='bbox 852 853 942 899; x_wconf 74' lang='lat' dir='ltr'><strong>coefi</strong></span> <span class='ocrx_word' id='word_1_71' title='bbox 963 853 1166 901; x_wconf 85' lang='lat' dir='ltr'><strong>miseranda</strong></span> <span class='ocrx_word' id='word_1_72' title='bbox 1184 869 1318 901; x_wconf 85' lang='lat' dir='ltr'><strong>coorta</strong></span> <span class='ocrx_word' id='word_1_73' title='bbox 1337 853 1388 900; x_wconf 90' lang='lat' dir='ltr'><strong>est</strong></span> 
     </span>
     <span class='ocr_line' id='line_1_12' title="bbox 327 925 1315 990; baseline 0.003 -21"><span class='ocrx_word' id='word_1_74' title='bbox 327 925 540 988; x_wconf 86' lang='lat' dir='ltr'><strong>Tempestas</strong></span> <span class='ocrx_word' id='word_1_75' title='bbox 559 961 572 979; x_wconf 86' lang='lat'>‚</span> <span class='ocrx_word' id='word_1_76' title='bbox 596 940 760 990; x_wconf 78' lang='lat' dir='ltr'><strong>totoque</strong></span> <span class='ocrx_word' id='word_1_77' title='bbox 781 926 963 974; x_wconf 61' lang='lat' dir='ltr'><strong>auuuffini</strong></span> <span class='ocrx_word' id='word_1_78' title='bbox 983 926 1175 975; x_wconf 72' lang='lat' dir='ltr'><strong>incanduit</strong></span> <span class='ocrx_word' id='word_1_79' title='bbox 1194 926 1281 972; x_wconf 82' lang='lat' dir='ltr'><strong>aestu</strong></span> <span class='ocrx_word' id='word_1_80' title='bbox 1302 962 1315 980; x_wconf 88' lang='lat'><strong>‚</strong></span> 
     </span>
    </p>
   </div>
   <div class='ocr_carea' id='block_1_6' title="bbox 328 999 1448 1064">
    <p class='ocr_par' dir='ltr' id='par_1_7' title="bbox 328 999 1448 1064">
     <span class='ocr_line' id='line_1_13' title="bbox 328 999 1448 1064; baseline 0.003 -21"><span class='ocrx_word' id='word_1_81' title='bbox 328 1000 376 1043; x_wconf 82' lang='lat' dir='ltr'><strong>Et</strong></span> <span class='ocrx_word' id='word_1_82' title='bbox 395 1016 512 1062; x_wconf 82' lang='lat' dir='ltr'><strong>genus</strong></span> <span class='ocrx_word' id='word_1_83' title='bbox 533 1017 648 1046; x_wconf 88' lang='lat' dir='ltr'><strong>omne</strong></span> <span class='ocrx_word' id='word_1_84' title='bbox 668 1000 751 1046; x_wconf 75' lang='lat' dir='ltr'><strong>n-e&#39;ci</strong></span> <span class='ocrx_word' id='word_1_85' title='bbox 770 1000 956 1064; x_wconf 88' lang='lat' dir='ltr'><strong>pecudum</strong></span> <span class='ocrx_word' id='word_1_86' title='bbox 975 1000 1107 1054; x_wconf 81' lang='lat' dir='ltr'><strong>dedit,</strong></span> <span class='ocrx_word' id='word_1_87' title='bbox 1130 1019 1241 1047; x_wconf 87' lang='lat' dir='ltr'><strong>omne</strong></span> <span class='ocrx_word' id='word_1_88' title='bbox 1263 999 1448 1047; x_wconf 82' lang='lat' dir='ltr'><strong>ferarum:</strong></span> 
     </span>
    </p>
   </div>
   <div class='ocr_carea' id='block_1_7' title="bbox 324 1070 1424 2526">
    <p class='ocr_par' dir='ltr' id='par_1_8' title="bbox 326 1070 1155 1137">
     <span class='ocr_line' id='line_1_14' title="bbox 326 1070 1155 1137; baseline -0.002 -18"><span class='ocrx_word' id='word_1_89' title='bbox 326 1070 588 1135; x_wconf 66' lang='lat' dir='ltr'><strong>,corrupitque</strong></span> <span class='ocrx_word' id='word_1_90' title='bbox 607 1071 705 1118; x_wconf 86' lang='lat' dir='ltr'><strong>lacus</strong></span> <span class='ocrx_word' id='word_1_91' title='bbox 725 1093 732 1117; x_wconf 92' lang='lat'>:</span> <span class='ocrx_word' id='word_1_92' title='bbox 756 1072 885 1118; x_wconf 86' lang='lat' dir='ltr'><strong>infecit</strong></span> <span class='ocrx_word' id='word_1_93' title='bbox 903 1072 1036 1137; x_wconf 80' lang='lat' dir='ltr'><strong>pabula</strong></span> <span class='ocrx_word' id='word_1_94' title='bbox 1055 1074 1155 1119; x_wconf 84' lang='lat' dir='ltr'><strong>tabo.</strong></span> 
     </span>
    </p>

    <p class='ocr_par' dir='ltr' id='par_1_9' title="bbox 324 1142 1365 1265">
     <span class='ocr_line' id='line_1_15' title="bbox 325 1142 1365 1209; baseline 0.003 -21"><span class='ocrx_word' id='word_1_95' title='bbox 325 1143 410 1189; x_wconf 91' lang='lat' dir='ltr'><strong>Nec</strong></span> <span class='ocrx_word' id='word_1_96' title='bbox 428 1142 487 1189; x_wconf 89' lang='lat' dir='ltr'><strong>via</strong></span> <span class='ocrx_word' id='word_1_97' title='bbox 504 1145 636 1191; x_wconf 87' lang='lat' dir='ltr'><strong>mortis</strong></span> <span class='ocrx_word' id='word_1_98' title='bbox 656 1161 733 1192; x_wconf 87' lang='lat' dir='ltr'><strong>erat</strong></span> <span class='ocrx_word' id='word_1_99' title='bbox 751 1145 906 1209; x_wconf 75' lang='lat' dir='ltr'><strong>simplex</strong></span> <span class='ocrx_word' id='word_1_100' title='bbox 924 1166 935 1199; x_wconf 80' lang='lat'>3</span> <span class='ocrx_word' id='word_1_101' title='bbox 957 1145 1019 1190; x_wconf 88' lang='lat' dir='ltr'><strong>sed</strong></span> <span class='ocrx_word' id='word_1_102' title='bbox 1040 1145 1104 1190; x_wconf 86' lang='lat' dir='ltr'><strong>ubi</strong></span> <span class='ocrx_word' id='word_1_103' title='bbox 1121 1144 1234 1209; x_wconf 79' lang='lat' dir='ltr'><strong>ignea</strong></span> <span class='ocrx_word' id='word_1_104' title='bbox 1251 1145 1365 1191; x_wconf 78' lang='lat' dir='ltr'><strong>venis.</strong></span> 
     </span>
     <span class='ocr_line' id='line_1_16' title="bbox 324 1216 1247 1265; baseline 0.003 -4"><span class='ocrx_word' id='word_1_105' title='bbox 324 1216 512 1263; x_wconf 83' lang='lat' dir='ltr'><strong>Omnibus</strong></span> <span class='ocrx_word' id='word_1_106' title='bbox 529 1218 608 1265; x_wconf 63' lang='lat' dir='ltr'><strong>aeta</strong></span> <span class='ocrx_word' id='word_1_107' title='bbox 626 1217 700 1264; x_wconf 87' lang='lat' dir='ltr'><strong>fitis</strong></span> <span class='ocrx_word' id='word_1_108' title='bbox 724 1218 879 1265; x_wconf 86' lang='lat' dir='ltr'><strong>miseros</strong></span> <span class='ocrx_word' id='word_1_109' title='bbox 897 1218 1099 1265; x_wconf 79' lang='lat' dir='ltr'><strong>adduxerat</strong></span> <span class='ocrx_word' id='word_1_110' title='bbox 1119 1234 1218 1265; x_wconf 81' lang='lat' dir='ltr'><strong>artus</strong></span> <span class='ocrx_word' id='word_1_111' title='bbox 1239 1240 1247 1264; x_wconf 93' lang='lat'>:</span> 
     </span>
    </p>

    <p class='ocr_par' dir='ltr' id='par_1_10' title="bbox 327 1289 1374 1428">
     <span class='ocr_line' id='line_1_17' title="bbox 327 1289 1374 1356; baseline 0.003 -21"><span class='ocrx_word' id='word_1_112' title='bbox 327 1289 464 1336; x_wconf 82' lang='lat' dir='ltr'><strong>Rursus</strong></span> <span class='ocrx_word' id='word_1_113' title='bbox 482 1291 693 1338; x_wconf 84' lang='lat' dir='ltr'><strong>abundabat</strong></span> <span class='ocrx_word' id='word_1_114' title='bbox 711 1290 846 1338; x_wconf 84' lang='lat' dir='ltr'><strong>fluidus</strong></span> <span class='ocrx_word' id='word_1_115' title='bbox 867 1291 1019 1355; x_wconf 85' lang='lat' dir='ltr'><strong>liquor:</strong></span> <span class='ocrx_word' id='word_1_116' title='bbox 1043 1293 1243 1356; x_wconf 77' lang='lat' dir='ltr'><strong>omniaque</strong></span> <span class='ocrx_word' id='word_1_117' title='bbox 1270 1292 1308 1338; x_wconf 83' lang='lat' dir='ltr'><strong>in</strong></span> <span class='ocrx_word' id='word_1_118' title='bbox 1336 1292 1374 1338; x_wconf 86' lang='lat' dir='ltr'><strong>se</strong></span> 
     </span>
     <span class='ocr_line' id='line_1_18' title="bbox 330 1363 1193 1428; baseline 0.002 -19"><span class='ocrx_word' id='word_1_119' title='bbox 330 1363 419 1410; x_wconf 73' lang='lat' dir='ltr'><strong>Ossa</strong></span> <span class='ocrx_word' id='word_1_120' title='bbox 440 1363 653 1411; x_wconf 80' lang='lat' dir='ltr'><strong>minutatim</strong></span> <span class='ocrx_word' id='word_1_121' title='bbox 672 1364 811 1411; x_wconf 86' lang='lat' dir='ltr'><strong>morbo</strong></span> <span class='ocrx_word' id='word_1_122' title='bbox 830 1364 996 1428; x_wconf 88' lang='lat' dir='ltr'><strong>collapsa</strong></span> <span class='ocrx_word' id='word_1_123' title='bbox 1016 1364 1193 1411; x_wconf 83' lang='lat' dir='ltr'><strong>trahebat.</strong></span> 
     </span>
    </p>

    <p class='ocr_par' dir='ltr' id='par_1_11' title="bbox 325 1437 1424 1564">
     <span class='ocr_line' id='line_1_19' title="bbox 325 1437 1424 1501; baseline 0.001 -18"><span class='ocrx_word' id='word_1_124' title='bbox 325 1440 434 1501; x_wconf 85' lang='lat' dir='ltr'><strong>Saepe</strong></span> <span class='ocrx_word' id='word_1_125' title='bbox 454 1438 494 1484; x_wconf 81' lang='lat' dir='ltr'><strong>in-</strong></span> <span class='ocrx_word' id='word_1_126' title='bbox 513 1437 670 1484; x_wconf 86' lang='lat' dir='ltr'><strong>honore</strong></span> <span class='ocrx_word' id='word_1_127' title='bbox 683 1441 806 1484; x_wconf 73' lang='lat' dir='ltr'><strong>Deum</strong></span> <span class='ocrx_word' id='word_1_128' title='bbox 828 1438 957 1485; x_wconf 89' lang='lat' dir='ltr'><strong>medio</strong></span> <span class='ocrx_word' id='word_1_129' title='bbox 977 1439 1067 1484; x_wconf 88' lang='lat' dir='ltr'><strong>stans</strong></span> <span class='ocrx_word' id='word_1_130' title='bbox 1086 1438 1203 1484; x_wconf 88' lang='lat' dir='ltr'><strong>hostia</strong></span> <span class='ocrx_word' id='word_1_131' title='bbox 1221 1438 1267 1484; x_wconf 89' lang='lat' dir='ltr'><strong>ad</strong></span> <span class='ocrx_word' id='word_1_132' title='bbox 1287 1456 1384 1484; x_wconf 84' lang='lat' dir='ltr'><strong>aram</strong></span> <span class='ocrx_word' id='word_1_133' title='bbox 1406 1472 1424 1492; x_wconf 74' lang='lat'>,</span> 
     </span>
     <span class='ocr_line' id='line_1_20' title="bbox 325 1509 1226 1564; baseline 0.001 -8"><span class='ocrx_word' id='word_1_134' title='bbox 325 1514 444 1556; x_wconf 86' lang='lat' dir='ltr'><strong>Lanea</strong></span> <span class='ocrx_word' id='word_1_135' title='bbox 464 1511 552 1556; x_wconf 92' lang='lat' dir='ltr'><strong>dum</strong></span> <span class='ocrx_word' id='word_1_136' title='bbox 575 1511 683 1556; x_wconf 90' lang='lat' dir='ltr'><strong>nivea</strong></span> <span class='ocrx_word' id='word_1_137' title='bbox 704 1510 951 1558; x_wconf 73' lang='lat' dir='ltr'><strong>circumdatur</strong></span> <span class='ocrx_word' id='word_1_138' title='bbox 970 1509 1085 1557; x_wconf 73' lang='lat' dir='ltr'><strong>infula</strong></span> <span class='ocrx_word' id='word_1_139' title='bbox 1105 1510 1196 1557; x_wconf 83' lang='lat' dir='ltr'><strong>vitta</strong></span> <span class='ocrx_word' id='word_1_140' title='bbox 1213 1547 1226 1564; x_wconf 90' lang='lat'>‚</span> 
     </span>
    </p>

    <p class='ocr_par' dir='ltr' id='par_1_12' title="bbox 324 1582 1264 1636">
     <span class='ocr_line' id='line_1_21' title="bbox 324 1582 1264 1636; baseline 0.001 -8"><span class='ocrx_word' id='word_1_141' title='bbox 324 1586 426 1629; x_wconf 86' lang='lat' dir='ltr'><strong>Inter</strong></span> <span class='ocrx_word' id='word_1_142' title='bbox 444 1582 645 1629; x_wconf 60' lang='lat' dir='ltr'><strong>cunctantis</strong></span> <span class='ocrx_word' id='word_1_143' title='bbox 665 1583 801 1630; x_wconf 85' lang='lat' dir='ltr'><strong>cecidit</strong></span> <span class='ocrx_word' id='word_1_144' title='bbox 820 1583 1045 1636; x_wconf 79' lang='lat' dir='ltr'><strong>moribunda</strong></span> <span class='ocrx_word' id='word_1_145' title='bbox 1069 1582 1264 1630; x_wconf 86' lang='lat' dir='ltr'><strong>ministros.</strong></span> 
     </span>
    </p>

    <p class='ocr_par' dir='ltr' id='par_1_13' title="bbox 325 1653 1279 1718">
     <span class='ocr_line' id='line_1_22' title="bbox 325 1653 1279 1718; baseline 0 -17"><span class='ocrx_word' id='word_1_146' title='bbox 325 1657 402 1701; x_wconf 88' lang='lat' dir='ltr'><strong>Aut</strong></span> <span class='ocrx_word' id='word_1_147' title='bbox 422 1653 448 1699; x_wconf 87' lang='lat' dir='ltr'>fi</span> <span class='ocrx_word' id='word_1_148' title='bbox 468 1673 577 1718; x_wconf 77' lang='lat' dir='ltr'><strong>quam</strong></span> <span class='ocrx_word' id='word_1_149' title='bbox 601 1655 702 1702; x_wconf 85' lang='lat' dir='ltr'><strong>ferro</strong></span> <span class='ocrx_word' id='word_1_150' title='bbox 724 1655 948 1702; x_wconf 58' lang='lat' dir='ltr'><strong>mastaverat</strong></span> <span class='ocrx_word' id='word_1_151' title='bbox 966 1671 1048 1701; x_wconf 82' lang='lat' dir='ltr'><strong>ante</strong></span> <span class='ocrx_word' id='word_1_152' title='bbox 1075 1655 1247 1702; x_wconf 87' lang='lat' dir='ltr'><strong>sacerdos</strong></span> <span class='ocrx_word' id='word_1_153' title='bbox 1265 1691 1279 1709; x_wconf 84' lang='lat'>‚</span> 
     </span>
    </p>

    <p class='ocr_par' dir='ltr' id='par_1_14' title="bbox 324 1728 1211 1795">
     <span class='ocr_line' id='line_1_23' title="bbox 324 1728 1211 1795; baseline -0.001 -19"><span class='ocrx_word' id='word_1_154' title='bbox 324 1730 419 1776; x_wconf 89' lang='lat' dir='ltr'><strong>Inde</strong></span> <span class='ocrx_word' id='word_1_155' title='bbox 436 1747 559 1793; x_wconf 90' lang='lat' dir='ltr'><strong>neque</strong></span> <span class='ocrx_word' id='word_1_156' title='bbox 578 1728 760 1795; x_wconf 81' lang='lat' dir='ltr'><strong>impofitis</strong></span> <span class='ocrx_word' id='word_1_157' title='bbox 780 1730 911 1776; x_wconf 84' lang='lat' dir='ltr'><strong>ardent</strong></span> <span class='ocrx_word' id='word_1_158' title='bbox 930 1729 1055 1775; x_wconf 74' lang='lat' dir='ltr'><strong>altaria</strong></span> <span class='ocrx_word' id='word_1_159' title='bbox 1079 1729 1180 1775; x_wconf 81' lang='lat' dir='ltr'><strong>fibris</strong></span> <span class='ocrx_word' id='word_1_160' title='bbox 1200 1750 1211 1783; x_wconf 90' lang='lat'>;</span> 
     </span>
    </p>

    <p class='ocr_par' dir='ltr' id='par_1_15' title="bbox 326 1802 1328 2015">
     <span class='ocr_line' id='line_1_24' title="bbox 326 1802 1328 1867; baseline -0.002 -19"><span class='ocrx_word' id='word_1_161' title='bbox 326 1804 410 1848; x_wconf 92' lang='lat' dir='ltr'><strong>Nec</strong></span> <span class='ocrx_word' id='word_1_162' title='bbox 434 1802 609 1866; x_wconf 83' lang='lat' dir='ltr'><strong>responsa</strong></span> <span class='ocrx_word' id='word_1_163' title='bbox 637 1803 760 1867; x_wconf 86' lang='lat' dir='ltr'><strong>potest</strong></span> <span class='ocrx_word' id='word_1_164' title='bbox 788 1802 977 1849; x_wconf 87' lang='lat' dir='ltr'><strong>consultus</strong></span> <span class='ocrx_word' id='word_1_165' title='bbox 1002 1802 1161 1848; x_wconf 90' lang='lat' dir='ltr'><strong>reddere</strong></span> <span class='ocrx_word' id='word_1_166' title='bbox 1189 1819 1292 1847; x_wconf 83' lang='lat' dir='ltr'><strong>vates</strong></span> <span class='ocrx_word' id='word_1_167' title='bbox 1311 1822 1328 1846; x_wconf 69' lang='lat' dir='ltr'><strong>:z</strong></span> 
     </span>
     <span class='ocr_line' id='line_1_25' title="bbox 327 1875 1260 1941; baseline -0.003 -18"><span class='ocrx_word' id='word_1_168' title='bbox 327 1879 385 1923; x_wconf 84' lang='lat' dir='ltr'><strong>Ac</strong></span> <span class='ocrx_word' id='word_1_169' title='bbox 403 1875 466 1921; x_wconf 90' lang='lat' dir='ltr'><strong>vix</strong></span> <span class='ocrx_word' id='word_1_170' title='bbox 486 1876 668 1941; x_wconf 78' lang='lat' dir='ltr'><strong>suppositi</strong></span> <span class='ocrx_word' id='word_1_171' title='bbox 694 1876 887 1940; x_wconf 84' lang='lat' dir='ltr'><strong>tinguntur</strong></span> <span class='ocrx_word' id='word_1_172' title='bbox 914 1875 1090 1940; x_wconf 80' lang='lat' dir='ltr'><strong>sanguine</strong></span> <span class='ocrx_word' id='word_1_173' title='bbox 1116 1875 1260 1929; x_wconf 76' lang='lat' dir='ltr'><strong>cultri,</strong></span> 
     </span>
     <span class='ocr_line' id='line_1_26' title="bbox 331 1949 1217 2015; baseline -0.005 -18"><span class='ocrx_word' id='word_1_174' title='bbox 331 1954 556 2015; x_wconf 86' lang='lat' dir='ltr'><strong>Summaque</strong></span> <span class='ocrx_word' id='word_1_175' title='bbox 583 1951 711 2014; x_wconf 75' lang='lat' dir='ltr'><strong>jejuna</strong></span> <span class='ocrx_word' id='word_1_176' title='bbox 738 1950 838 1997; x_wconf 89' lang='lat' dir='ltr'><strong>sanie</strong></span> <span class='ocrx_word' id='word_1_177' title='bbox 866 1949 1067 1996; x_wconf 85' lang='lat' dir='ltr'><strong>infuscatur</strong></span> <span class='ocrx_word' id='word_1_178' title='bbox 1092 1968 1217 1997; x_wconf 81' lang='lat' dir='ltr'><strong>arena..</strong></span> 
     </span>
    </p>

    <p class='ocr_par' dir='ltr' id='par_1_16' title="bbox 330 2021 1305 2087">
     <span class='ocr_line' id='line_1_27' title="bbox 330 2021 1305 2087; baseline -0.003 -17"><span class='ocrx_word' id='word_1_179' title='bbox 330 2024 430 2071; x_wconf 84' lang='lat' dir='ltr'><strong>Hinc</strong></span> <span class='ocrx_word' id='word_1_180' title='bbox 450 2023 545 2069; x_wconf 85' lang='lat' dir='ltr'><strong>laetis</strong></span> <span class='ocrx_word' id='word_1_181' title='bbox 567 2022 676 2069; x_wconf 86' lang='lat' dir='ltr'><strong>vituli</strong></span> <span class='ocrx_word' id='word_1_182' title='bbox 697 2023 817 2087; x_wconf 82' lang='lat' dir='ltr'><strong>vulgo</strong></span> <span class='ocrx_word' id='word_1_183' title='bbox 843 2022 1056 2070; x_wconf 83' lang='lat' dir='ltr'><strong>moriuntur</strong></span> <span class='ocrx_word' id='word_1_184' title='bbox 1083 2023 1121 2068; x_wconf 89' lang='lat' dir='ltr'><strong>in</strong></span> <span class='ocrx_word' id='word_1_185' title='bbox 1148 2021 1305 2076; x_wconf 79' lang='lat' dir='ltr'><strong>herbis,</strong></span> 
     </span>
    </p>

    <p class='ocr_par' dir='ltr' id='par_1_17' title="bbox 332 2096 1250 2161">
     <span class='ocr_line' id='line_1_28' title="bbox 332 2096 1250 2161; baseline -0.002 -17"><span class='ocrx_word' id='word_1_186' title='bbox 332 2101 378 2144; x_wconf 88' lang='lat' dir='ltr'><strong>Et</strong></span> <span class='ocrx_word' id='word_1_187' title='bbox 397 2097 515 2144; x_wconf 87' lang='lat' dir='ltr'><strong>dulcis</strong></span> <span class='ocrx_word' id='word_1_188' title='bbox 536 2097 669 2144; x_wconf 83' lang='lat' dir='ltr'><strong>animas</strong></span> <span class='ocrx_word' id='word_1_189' title='bbox 688 2097 800 2161; x_wconf 79' lang='lat' dir='ltr'><strong>plena</strong></span> <span class='ocrx_word' id='word_1_190' title='bbox 816 2097 862 2143; x_wconf 88' lang='lat' dir='ltr'><strong>ad</strong></span> <span class='ocrx_word' id='word_1_191' title='bbox 881 2096 1063 2161; x_wconf 82' lang='lat' dir='ltr'><strong>praesepia</strong></span> <span class='ocrx_word' id='word_1_192' title='bbox 1080 2097 1250 2143; x_wconf 84' lang='lat' dir='ltr'><strong>reddunt.</strong></span> 
     </span>
    </p>

    <p class='ocr_par' dir='ltr' id='par_1_18' title="bbox 335 2171 1395 2310">
     <span class='ocr_line' id='line_1_29' title="bbox 335 2171 1395 2236; baseline -0.002 -17"><span class='ocrx_word' id='word_1_193' title='bbox 335 2173 436 2219; x_wconf 89' lang='lat' dir='ltr'><strong>Hinc</strong></span> <span class='ocrx_word' id='word_1_194' title='bbox 456 2173 602 2219; x_wconf 87' lang='lat' dir='ltr'><strong>canibus</strong></span> <span class='ocrx_word' id='word_1_195' title='bbox 619 2172 760 2219; x_wconf 84' lang='lat' dir='ltr'><strong>blandis</strong></span> <span class='ocrx_word' id='word_1_196' title='bbox 780 2172 899 2219; x_wconf 82' lang='lat' dir='ltr'><strong>rabies</strong></span> <span class='ocrx_word' id='word_1_197' title='bbox 925 2172 1030 2219; x_wconf 85' lang='lat' dir='ltr'><strong>venit</strong></span> <span class='ocrx_word' id='word_1_198' title='bbox 1044 2207 1056 2227; x_wconf 87' lang='lat'><strong>.,</strong></span> <span class='ocrx_word' id='word_1_199' title='bbox 1083 2171 1122 2219; x_wconf 84' lang='lat'>&amp;</span> <span class='ocrx_word' id='word_1_200' title='bbox 1140 2171 1254 2235; x_wconf 87' lang='lat' dir='ltr'><strong>quatit</strong></span> <span class='ocrx_word' id='word_1_201' title='bbox 1271 2189 1395 2236; x_wconf 78' lang='lat' dir='ltr'><strong>aegros</strong></span> 
     </span>
     <span class='ocr_line' id='line_1_30' title="bbox 335 2243 1242 2310; baseline -0.003 -18"><span class='ocrx_word' id='word_1_202' title='bbox 335 2247 449 2292; x_wconf 85' lang='lat' dir='ltr'><strong>Tuffis</strong></span> <span class='ocrx_word' id='word_1_203' title='bbox 468 2246 599 2304; x_wconf 79' lang='lat' dir='ltr'><strong>anhela</strong></span> <span class='ocrx_word' id='word_1_204' title='bbox 617 2246 698 2292; x_wconf 90' lang='lat' dir='ltr'><strong>sues</strong></span> <span class='ocrx_word' id='word_1_205' title='bbox 712 2281 725 2300; x_wconf 81' lang='lat'>‚</span> <span class='ocrx_word' id='word_1_206' title='bbox 746 2264 788 2292; x_wconf 90' lang='lat' dir='ltr'><strong>ac</strong></span> <span class='ocrx_word' id='word_1_207' title='bbox 806 2245 971 2292; x_wconf 84' lang='lat' dir='ltr'><strong>faucibus</strong></span> <span class='ocrx_word' id='word_1_208' title='bbox 989 2245 1092 2310; x_wconf 81' lang='lat' dir='ltr'><strong>angit</strong></span> <span class='ocrx_word' id='word_1_209' title='bbox 1111 2243 1242 2291; x_wconf 81' lang='lat' dir='ltr'><strong>obefis.</strong></span> 
     </span>
    </p>

    <p class='ocr_par' dir='ltr' id='par_1_19' title="bbox 335 2317 1412 2526">
     <span class='ocr_line' id='line_1_31' title="bbox 335 2317 1399 2384; baseline -0.003 -17"><span class='ocrx_word' id='word_1_210' title='bbox 335 2322 483 2367; x_wconf 81' lang='lat' dir='ltr'><strong>Labitur</strong></span> <span class='ocrx_word' id='word_1_211' title='bbox 499 2320 627 2367; x_wconf 81' lang='lat' dir='ltr'><strong>infelix</strong></span> <span class='ocrx_word' id='word_1_212' title='bbox 643 2356 656 2375; x_wconf 73' lang='lat'>‚</span> <span class='ocrx_word' id='word_1_213' title='bbox 673 2320 877 2367; x_wconf 83' lang='lat' dir='ltr'><strong>studiorum</strong></span> <span class='ocrx_word' id='word_1_214' title='bbox 896 2336 1008 2384; x_wconf 85' lang='lat' dir='ltr'><strong>atque</strong></span> <span class='ocrx_word' id='word_1_215' title='bbox 1028 2319 1223 2365; x_wconf 87' lang='lat' dir='ltr'><strong>immemor</strong></span> <span class='ocrx_word' id='word_1_216' title='bbox 1240 2317 1364 2364; x_wconf 84' lang='lat' dir='ltr'><strong>herbae</strong></span> <span class='ocrx_word' id='word_1_217' title='bbox 1384 2329 1399 2372; x_wconf 57' lang='lat'><strong>‚⁴</strong></span> 
     </span>
     <span class='ocr_line' id='line_1_32' title="bbox 335 2391 1412 2457; baseline -0.002 -17"><span class='ocrx_word' id='word_1_218' title='bbox 335 2394 473 2440; x_wconf 68' lang='lat' dir='ltr'><strong>Vissor</strong></span> <span class='ocrx_word' id='word_1_219' title='bbox 492 2412 609 2457; x_wconf 89' lang='lat' dir='ltr'><strong>equus</strong></span> <span class='ocrx_word' id='word_1_220' title='bbox 621 2429 634 2448; x_wconf 82' lang='lat'>‚</span> <span class='ocrx_word' id='word_1_221' title='bbox 655 2392 845 2457; x_wconf 83' lang='lat' dir='ltr'><strong>fontisque</strong></span> <span class='ocrx_word' id='word_1_222' title='bbox 864 2392 1041 2440; x_wconf 74' lang='lat' dir='ltr'><strong>avertitur</strong></span> <span class='ocrx_word' id='word_1_223' title='bbox 1057 2427 1073 2445; x_wconf 85' lang='lat'><strong>‚.</strong></span> <span class='ocrx_word' id='word_1_224' title='bbox 1098 2391 1138 2438; x_wconf 67' lang='grc' dir='ltr'><strong>δ’(</strong></span> <span class='ocrx_word' id='word_1_225' title='bbox 1155 2391 1253 2455; x_wconf 91' lang='lat' dir='ltr'><strong>pede</strong></span> <span class='ocrx_word' id='word_1_226' title='bbox 1273 2406 1412 2439; x_wconf 80' lang='lat' dir='ltr'><strong>terram</strong></span> 
     </span>
     <span class='ocr_line' id='line_1_33' title="bbox 338 2462 1283 2526; baseline -0.003 -11"><span class='ocrx_word' id='word_1_227' title='bbox 338 2469 482 2516; x_wconf 84' lang='lat' dir='ltr'><strong>Crebra</strong></span> <span class='ocrx_word' id='word_1_228' title='bbox 500 2466 608 2515; x_wconf 85' lang='lat' dir='ltr'><strong>ferit:</strong></span> <span class='ocrx_word' id='word_1_229' title='bbox 628 2466 790 2526; x_wconf 80' lang='lat' dir='ltr'><strong>demiffae</strong></span> <span class='ocrx_word' id='word_1_230' title='bbox 809 2484 914 2515; x_wconf 83' lang='lat' dir='ltr'><strong>aures</strong></span> <span class='ocrx_word' id='word_1_231' title='bbox 930 2489 943 2514; x_wconf 69' lang='lat'>2</span> <span class='ocrx_word' id='word_1_232' title='bbox 960 2465 1126 2512; x_wconf 85' lang='lat' dir='ltr'><strong>incertus</strong></span> <span class='ocrx_word' id='word_1_233' title='bbox 1141 2462 1283 2512; x_wconf 85' lang='lat' dir='ltr'><strong>ibidem</strong></span> 
     </span>
    </p>
   </div>
   <div class='ocr_carea' id='block_1_8' title="bbox 1534 651 1624 694">
    <p class='ocr_par' dir='ltr' id='par_1_20' title="bbox 1534 651 1624 694">
     <span class='ocr_line' id='line_1_34' title="bbox 1534 651 1624 694; baseline 0.044 -3"><span class='ocrx_word' id='word_1_234' title='bbox 1534 651 1624 694; x_wconf 78' lang='lat'><strong>475</strong></span> 
     </span>
    </p>
   </div>
   <div class='ocr_carea' id='block_1_9' title="bbox 1533 1008 1631 1056">
    <p class='ocr_par' dir='ltr' id='par_1_21' title="bbox 1533 1008 1631 1056">
     <span class='ocr_line' id='line_1_35' title="bbox 1533 1008 1631 1056; baseline -0.01 -8"><span class='ocrx_word' id='word_1_235' title='bbox 1533 1008 1631 1056; x_wconf 75' lang='lat'><strong>480.</strong></span> 
     </span>
    </p>
   </div>
   <div class='ocr_carea' id='block_1_10' title="bbox 1540 1371 1630 1423">
    <p class='ocr_par' dir='ltr' id='par_1_22' title="bbox 1540 1371 1630 1423">
     <span class='ocr_line' id='line_1_36' title="bbox 1540 1371 1630 1423; baseline -0.033 -4"><span class='ocrx_word' id='word_1_236' title='bbox 1540 1371 1597 1419; x_wconf 79' lang='grc'><strong>4-8</strong></span> <span class='ocrx_word' id='word_1_237' title='bbox 1608 1380 1630 1423; x_wconf 73' lang='grc' dir='ltr'><strong>ς,</strong></span> 
     </span>
    </p>
   </div>
   <div class='ocr_carea' id='block_1_11' title="bbox 1538 1747 1630 1788">
    <p class='ocr_par' dir='ltr' id='par_1_23' title="bbox 1538 1747 1630 1788">
     <span class='ocr_line' id='line_1_37' title="bbox 1538 1747 1630 1788; baseline 0.043 -4"><span class='ocrx_word' id='word_1_238' title='bbox 1538 1747 1630 1788; x_wconf 72' lang='lat'>4:90</span> 
     </span>
    </p>
   </div>
   <div class='ocr_carea' id='block_1_12' title="bbox 1484 2102 1630 2155">
    <p class='ocr_par' dir='ltr' id='par_1_24' title="bbox 1484 2102 1630 2155">
     <span class='ocr_line' id='line_1_38' title="bbox 1484 2102 1630 2155; baseline 0.027 -4"><span class='ocrx_word' id='word_1_239' title='bbox 1484 2102 1485 2105; x_wconf 75' lang='grc'>’</span> <span class='ocrx_word' id='word_1_240' title='bbox 1538 2114 1595 2154; x_wconf 77' lang='lat'><strong>459</strong></span> <span class='ocrx_word' id='word_1_241' title='bbox 1607 2112 1630 2155; x_wconf 73' lang='lat'><strong>5³</strong></span> 
     </span>
    </p>
   </div>
   <div class='ocr_carea' id='block_1_13' title="bbox 1541 2479 1628 2523">
    <p class='ocr_par' dir='ltr' id='par_1_25' title="bbox 1541 2479 1628 2523">
     <span class='ocr_line' id='line_1_39' title="bbox 1541 2479 1628 2523; baseline -0.011 -11"><span class='ocrx_word' id='word_1_242' title='bbox 1541 2479 1628 2523; x_wconf 71' lang='lat'><strong>500</strong></span> 
     </span>
    </p>
   </div>
  </div>
 </body>
</html>
