1715 3028
309 161 404 210 3²4
645 140 1286 193 P.VIRGILII

305 261 460 379 UT
487 324 579 371 belli
601 323 744 389 figuurn
762 324 935 371 Laurenti
951 326 1100 370 Turnus
1120 324 1165 370 ab
1184 343 1268 372 arce

306 401 474 454 Extulit,
496 399 537 447 &
556 417 670 447 rauco
689 399 920 464 strepuerunt
940 417 1082 445 cornua
1103 415 1238 455 cantu3

301 478 429 537 thue
448 473 541 520 acris
562 473 740 520 concuffit
758 491 878 537 equos
895 511 907 529 ‚
924 489 1042 536 utque
1063 473 1211 537 impulit
1227 493 1352 530 arma3

303 539 509 603 Extemplo
530 538 666 586 turbati
682 538 822 585 animi:
844 536 948 585 fimul
975 557 1089 585 omne
1111 540 1271 586 tumultu

302 613 492 676 Conjutat
511 611 661 678 trepido
679 611 823 660 Latium
842 648 854 667 ‚
881 611 1061 685 saeuitque
1085 613 1261 676 juventus

304 687 439 733 Effera.
461 688 647 734 Duuores
662 687 775 751 primi
795 687 985 752 Meffapus
1006 687 1048 734 ὅ(
1066 688 1185 734 Ufens
1195 720 1213 744 1,

306 763 614 824 Contemtorque
630 763 753 806 Deum
773 759 1012 815 Mezentius,
1031 760 1198 824 undique
1222 777 1368 827 cogunt

301 832 452 880 Auxilia
468 868 480 887 ,
499 832 650 880 &latos
668 833 807 881 vastant
827 832 1033 879 cultoribus
1051 851 1174 897 agros.

304 906 473 954 Mittitur
490 906 534 954 ἃ
553 906 677 971 magni
694 906 863 953 Venulus
889 906 1087 953 Diomedis
1110 908 1155 952 ad
1172 907 1301 953 urbem
1320 942 1334 961 ‚

304 980 387 1042 Qui
410 995 512 1045 petat
531 979 707 1026 auxilium
720 1016 732 1034 ,
751 980 815 1034 &‚
835 979 941 1026 Latio
963 974 1162 1026 coufistere
1179 983 1349 1027 Teucros
1360 1010 1378 1036 -‚

305 1055 513 1115 Adveuum
532 1056 673 1100 AEnean
694 1054 787 1100 claffi
804 1089 815 1107 ,
835 1052 1030 1116 vietosque
1049 1053 1193 1100 Penatis

305 1129 449 1177 Inferre
465 1165 476 1184 ‚
496 1129 536 1176 &
555 1127 638 1174 fatis
659 1145 789 1192 regem
811 1127 848 1173 se
868 1126 995 1173 dicere
1015 1125 1149 1191 posci,

307 1202 477 1249 Edoceat
491 1237 503 1256 ,
522 1200 731 1264 multasque
750 1199 836 1247 viro
855 1200 892 1246 se
910 1200 1116 1264 adjungere
1137 1199 1256 1264 gentis

305 1277 499 1325 Dardanio
520 1315 532 1333 .,
552 1276 686 1325 &late
704 1276 811 1322 Latio
835 1275 1112 1322 increbrescere
1134 1293 1287 1322 nomen.

305 1353 412 1415 Quid
434 1353 543 1400 struat
559 1350 613 1399 his
631 1352 765 1416 coeptis
781 1389 794 1407 .,
813 1368 923 1415 quem
939 1387 951 1406 ‚
970 1349 995 1395 si
1018 1353 1181 1397 Fortuna
1199 1350 1372 1414 sequatur
1384 1380 1398 1405 ³

308 1431 492 1475 Eventum
511 1446 650 1492 pugnae
670 1427 817 1491 cupiat,
836 1425 1058 1472 manifestius
1077 1424 1142 1489 ipfi
1161 1460 1174 1478 ‚

309 1508 437 1566 Quam
449 1507 580 1550 Turuo
600 1503 704 1566 regi,
725 1518 786 1548 aut
802 1498 883 1565 regi
904 1519 1083 1564 apparere
1102 1500 1247 1558 Latino.

373 1576 478 1623 Talia
496 1595 564 1641 per
581 1575 747 1622 Latium:
772 1592 856 1638 quae
874 1573 1168 1620 Laomedontius
1188 1573 1301 1620 heros

309 1651 454 1697 Cuncta
474 1650 606 1696 videus
629 1667 768 1713 magno
790 1666 957 1695 curarum
976 1645 1126 1694 fltiffirat
1142 1649 1230 1694 aestu
1250 1669 1259 1693 :

309 1730 435 1790 Atque
459 1723 623 1771 animum
640 1742 737 1770 nunc
756 1724 827 1769 huc
850 1724 1013 1769 celerem
1028 1760 1040 1778 ,
1062 1741 1160 1769 nuuc
1177 1721 1313 1769 dividit
1332 1722 1422 1782 illuc
1435 1759 1447 1781 ,

309 1802 350 1845 In
376 1796 563 1863 partisque
583 1793 679 1861 rapit
693 1793 809 1843 varias
827 1833 839 1850 ‚
861 1814 1004 1860 perque
1023 1795 1149 1843 omnia
1166 1796 1299 1843 versat.

311 1870 416 1916 Sicut
439 1888 545 1933 aquae
564 1868 763 1915 tremulum
782 1867 892 1914 labris
909 1868 972 1915 ubi
991 1868 1119 1914 lumen
1138 1866 1241 1914 aenis

311 1943 404 1990 Sole
423 1942 672 2007 repercussum
688 1978 700 1996 ,
717 1957 780 1988 aut
797 1940 968 1988 radiantis
998 1939 1160 2005 imagine
1178 1941 1288 1987 Lunae
1307 1975 1321 1996 .,

314 2016 676 2081 Omnia‘pervolitat
694 2016 766 2062 late
787 2016 874 2061 loca
893 2051 905 2069 .,
925 2015 1074 2078 jamque
1093 2014 1159 2061 sub
1178 2033 1281 2061 auras

312 2089 504 2154 Erigitur,
528 2088 734 2152 summique
760 2086 847 2133 ferit
872 2087 1059 2151 laquearia
1079 2085 1178 2133 testi.

312 2168 403 2212 Nox
424 2180 526 2220 erat3
548 2164 588 2211 δε
609 2180 721 2210 terras
739 2162 910 2209 animalia
931 2160 1017 2209 feffa
1037 2180 1104 2227 per
1124 2161 1243 2209 omnis

313 2237 482 2284 Alituum
501 2238 763 2302 pecudumque
785 2255 903 2301 genus
926 2236 1042 2300 sopor
1061 2237 1153 2283 altus
1177 2228 1362 2283 habebat:

315 2314 412 2357 Cum
430 2327 536 2376 pater
560 2310 598 2358 in
619 2310 696 2376 ripa
717 2310 910 2376 gelidique
937 2310 1001 2357 sub
1015 2308 1162 2356 aetheris
1186 2328 1254 2356 axe

315 2389 448 2431 AEneas
462 2421 474 2436 ,
496 2384 585 2431 tristi
603 2385 767 2431 turbatus
789 2384 943 2449 pe&ora
963 2384 1067 2430 bello
1087 2419 1100 2437 .‚

317 2458 544 2515 Procubuit,
564 2459 754 2523 seramque
774 2458 880 2507 dedit
896 2476 964 2522 per
984 2456 1147 2504 membra
1165 2456 1341 2520 quietem.

1551 998 1605 1029 10

1553 1366 1603 1410 ¹5

1550 1743 1609 1772 20

1550 2106 1646 2148 25.

1551 2474 1609 2515 30
