1715 3028
283 171 344 236 3ss
601 169 1247 220 P.VIRGIL‘II*

282 280 489 343 Iungentur
517 279 588 342 jam
622 278 786 342 grarplxes
805 276 932 342 equis:
963 296 1127 342 aevoque
1155 278 1321 343 sequenti

281 354 383 398 Cum
412 352 562 398 canibus
589 351 707 399 timidi
733 351 888 399 venient
917 351 962 399 ad
993 353 1131 417 pocula
1161 351 1287 403 damae.
1330 386 1333 390 ,

284 423 427 488 Mopse
442 459 454 478 ,
493 442 609 470 novas
643 424 767 471 incide
804 424 900 472 faces
919 446 928 470 ε
966 426 1033 473 tibi
1067 426 1214 473 ducitur-
1249 438 1359 475 uxon

285 497 427 560 Sparge
441 530 452 549 ,
472 496 630 550 marite,
651 515 762 544 nuces
781 518 789 542 :
819 498 886 544 tibi
906 497 1042 545 deserit
1060 497 1249 563 Hesperus
1271 499 1403 544 OEtam.

285 568 417 632 Incipe
439 568 645 616 Maenalios
667 588 810 617 mecum
823 607 835 625 ,
854 590 936 618 mea
956 568 1069 625 tibia,
1090 570 1226 617 versus.

286 644 325 687 Ο
346 640 464 704 digno
485 642 685 705 conjunffi
705 642 816 690 viro!
848 643 934 691 dum
967 643 1128 709 despicis
1149 643 1296 698 omnis,

285 716 464 777 Dumque
483 714 550 761 tibi
570 715 620 762 est
645 715 738 764 odio
759 735 840 764 mea
862 718 977 764 fistula
993 753 1005 771 ‚
1024 717 1186 781 dumque
1206 716 1361 782 capella:
1379 752 1391 770 ,

287 787 550 852 Hirsutumque
570 789 808 855 supercilium
822 827 835 845 ,
852 791 1101 857 promiffaque
1121 791 1257 838 barba:

289 865 375 914 Nec
393 882 521 910 curare
539 867 662 911 Deum
682 865 802 912 credis
819 867 992 913 mortalia
1011 883 1246 930 quemquam.
1286 891 1289 894 ⁴

287 936 421 1001 Incipe
438 937 641 984 Maenalios
658 957 804 985 mecum
819 974 832 993 .,
851 957 932 986 mea
951 939 1039 985 tibia
1052 975 1064 993 .,
1082 938 1222 987 versus.

292 1009 457 1071 Saepibus
477 1010 514 1055 in
531 1010 662 1056 nostris
683 1028 832 1076 parvam
851 1027 887 1058 te
905 1011 1052 1059 roscida
1071 1011 1164 1059 mala

291 1085 411 1141 (Dux
433 1100 508 1147 ego
530 1083 650 1129 vester
671 1089 802 1144 eram)
823 1085 900 1132 vidi
920 1104 1003 1132 cum
1023 1101 1136 1132 matre
1154 1085 1374 1148 legentem.-

293 1154 401 1202 Alter
420 1155 464 1201 ab
483 1156 685 1203 undecimo
703 1173 782 1205 turn
802 1177 862 1205 me
879 1159 952 1221 jam
973 1173 1124 1222 ceperat
1143 1175 1280 1203 annus:

292 1231 370 1282 ,tam
387 1229 526 1293 fragilis
546 1246 718 1295 poteram
736 1251 755 1278 a
773 1246 870 1278 terra
890 1232 1115 1296 contingere
1134 1248 1270 1277 ramos.

295 1303 350 1347 Ut
361 1301 443 1348 vidi
459 1337 471 1355 ‚
489 1320 530 1348 ut
550 1302 666 1366 perii,
683 1318 724 1350 ut
744 1322 803 1350 me
825 1304 940 1351 malus
959 1304 1105 1355 abstulit
1124 1309 1256 1351 error!

295 1374 425 1440 Incipe
444 1377 646 1424 Maenalios
667 1396 813 1424 mecum
827 1414 840 1432 ‚
857 1396 939 1425 mea
957 1377 1045 1424 tibia
1060 1412 1073 1431 ‚
1089 1377 1226 1423 versus.

297 1449 411 1494 Nunc
433 1449 510 1496 scio
527 1485 540 1504 ‚
557 1450 708 1514 quid‘fit
728 1456 847 1497 Amor
865 1470 875 1495 τ
896 1449 996 1495 duris
1015 1449 1053 1495 in
1074 1448 1221 1496 cotibus
1240 1449 1344 1496 illum

298 1527 376 1565 Aut
392 1523 549 1568 Tmaros
563 1557 575 1575 ,
593 1537 654 1568 aut
670 1521 860 1585 Rhodope
873 1557 886 1576 .,
905 1535 966 1567 aut
991 1521 1144 1567 extremi
1165 1524 1430 1575 Garamantes,

297 1594 382 1638 Nec
405 1593 552 1657 generis
571 1593 684 1641 nostri
704 1612 859 1657 puerum
881 1602 951 1640 ne'c
971 1593 1155 1656 sanguinis
1176 1594 1302 1640 edunt.

232 1710 239 1714 ,μ
298 1664 428 1729 Incipe
447 1667 649 1713 Maenalios
668 1684 814 1714 mecum
827 1702 839 1720 ‚
859 1684 940 1712 mea
965 1665 1053 1712 tibia
1069 1701 1080 1716 ,
1103 1665 1240 1711 versus.

300 1742 428 1785 Saevus
448 1743 567 1787 Amor
586 1741 717 1788 docuit
737 1757 935 1806 gnatorum
957 1740 1136 1805 sanguine
1156 1759 1309 1788 matrem

301 1815 586 1861 commaculare
606 1833 743 1861 manus.
768 1814 927 1861 crudelis
947 1830 986 1861 tu
1007 1833 1183 1878 quoque,
1201 1829 1340 1873 mater;

303 1888 477 1934 Crudelis
498 1903 613 1935 mater
632 1888 747 1954 magis
763 1924 776 1943 ‚
796 1908 841 1935 an
862 1907 953 1953 puer
971 1889 1163 1952 improbus
1182 1888 1276 1934 ille?

302 1961 498 2025 Improbus
518 1961 583 2007 ille
600 1980 714 2025 puer:
735 1961 893 2008 crudelis
909 1976 947 2008 tu
970 1978 1125 2025 quoque
1138 1997 1151 2015 .,
1169 1976 1294 2008 mater.

301 2035 430 2099 Incipe
453 2035 654 2091 Maenalios
674 2054 818 2083 mecum
832 2071 845 2089 .‚
865 2053 945 2081 mea
963 2033 1073 2086 tibia,
1091 2032 1227 2079 versus.

304 2104 415 2152 Nunc
434 2106 473 2153 &
495 2107 577 2153 ovis
595 2107 695 2155 ultro
717 2106 836 2171 fugiat
853 2107 960 2171 lupus
979 2127 987 2150 :
1009 2123 1115 2152 aurea
1133 2104 1234 2150 durae

306 2179 409 2226 Mala
427 2177 546 2225 ferant
564 2198 742 2243 quercus:
767 2176 922 2227 narcisso
942 2179 1078 2226 floreat
1095 2177 1224 2224 alnus:

305 2253 460 2319 Pinguia
481 2253 680 2302 corticibus
702 2254 834 2300 sudent
851 2253 987 2300 electra
1005 2252 1177 2316 myricae:

309 2331 465 2379 Certent
487 2328 525 2374 &
545 2329 670 2391 cycnis
690 2329 825 2374 ululae:
854 2327 897 2374 stt
915 2328 1066 2392 Tityrus
1086 2324 1262 2389 Orpheus
1279 2345 1288 2369 :

309 2400 484 2466 Orpheus
503 2401 538 2447 in
558 2401 655 2447 silvis
671 2436 683 2454 ‚
704 2401 800 2447 inter
817 2399 1023 2465 Delphinas
1041 2396 1171 2444 Arion.

307 2474 436 2543 {ncipe
455 2475 652 2522 Maenalios
670 2492 812 2521 mecum
831 2509 843 2529 ‚
863 2492 943 2522 mea
962 2471 1050 2519 tibia
1069 2506 1083 2528 ,
1099 2469 1235 2528 versus,

1410 318 1427 334 (-

1511 516 1566 559 30

1515 882 1603 927 35»

1517 1611 1572 1654 45

1525 1979 1580 2022 50

1525 2341 1573 2385 55
