1715 3028
288 96 359 142 AE
397 95 750 142 NEIDOS
795 96 950 144 LIB.
996 98 1104 145 IV.

270 167 279 189 Ι
364 168 375 170 ,

74 206 174 248 Dum
189 220 270 248 mea
288 221 347 248 me
365 202 498 248 vittam
516 203 653 249 doceat
670 202 818 248 fortuna
835 203 982 250 dolere.

72 277 282 322 Extremam
301 275 393 321 hanc
413 294 484 322 oro
503 275 648 321 veniam
670 296 677 320 :
701 275 905 335 (miserere
924 276 1062 337 sororis
1079 299 1087 323 ε
1103 280 1121 337 )
1138 281 1142 284 ’

77 352 203 411 Quam
226 349 317 396 mihi
338 368 421 396 cum
440 349 586 396 dederis
610 350 828 397 cumulatam
844 387 855 405 Ἰ
873 369 996 399 morte
1016 353 1210 400 remittam,

140 421 294 468 Talibus
316 423 475 478 orabat,
501 422 657 487 talisque
683 422 884 470 miserrima
905 426 1014 472 fletus

77 499 242 560 Fertque
260 496 449 561 refertque
474 497 607 543 soror:
632 495 695 542 sed
717 496 827 542 nullis
847 497 911 544 ille
929 515 1104 546 movetur

77 570 245 618 Fletibus
260 607 273 625 .‚
293 586 356 617 aut
373 590 490 617 voces
507 571 600 616 ullas
620 570 817 617 narrabilis
835 572 945 618 audit.

76 648 165 692 Fata
187 645 331 692 obstant
345 680 357 699 ‚
375 644 613 709 placidasque
632 644 703 691 viri
722 649 824 692 Deus
845 646 1000 693 obstruit
1020 647 1129 694 auris0

77 724 136 768 Ac
153 721 278 774 velut,
297 719 443 766 annoso
461 718 621 765 validam
641 738 724 765 cum
744 721 886 767 robore
905 740 1087 785 quercum

79 795 208 859 Alpini
225 798 356 840 Boreae
383 811 481 839 nunc
503 792 590 839 hinc
619 812 717 839 nunc
744 792 889 841 flatibus
917 794 1024 842 illinc

80 872 222 916 Eruere
241 869 339 915 inter
359 868 395 914 se
416 882 581 914 certant:
604 867 632 914 it
651 866 809 923 stridor,
835 868 875 915 &
894 869 969 916 alte

84 943 338 992 Consternunt
363 958 496 989 terram
517 941 696 989 concuffo
717 941 838 1007 stipite
857 942 1012 990 frondes
1032 965 1041 990 ε

85 1019 166 1083 Ipsa
190 1019 306 1064 haeret
326 1017 488 1081 scopulis
505 1038 516 1071 3
540 1015 580 1062 ἃ
595 1053 607 1072 ‚
628 1033 806 1080 quantum
826 1018 968 1065 vertice
991 1021 1037 1065 ad
1056 1039 1158 1067 auras

91 1092 274 1139 AEtherias
289 1130 301 1148 ‚
320 1107 461 1138 tantum
479 1091 604 1137 radice
625 1091 662 1138 in
681 1095 832 1139 Tartara
853 1093 985 1139 tendit.

89 1167 197 1213 Haud
215 1167 316 1213 secus
338 1165 481 1212 affiduis
507 1166 591 1211 hinc
609 1181 719 1229 atque
738 1165 826 1212 hinc
843 1167 1001 1214 vocibus
1022 1168 1139 1216 heros

90 1243 300 1299 Tunditur.,
322 1242 363 1289 &
382 1261 519 1308 magno
546 1242 727 1306 persentit
744 1242 901 1307 pe&ore
920 1235 1034 1290 curas.

93 1318 207 1363 Mens
230 1316 381 1363 immota
401 1332 524 1363 manet
542 1338 551 1362 z
574 1315 736 1362 lacrimae
754 1316 962 1363 volvuntur
978 1317 1115 1365 inanes.

160 1393 258 1436 Tum
277 1410 371 1437 vero
393 1391 521 1437 infelix
540 1391 622 1437 fatis
641 1391 813 1438 exterrita
837 1391 941 1438 Dido

93 1465 264 1510 Mortem
287 1479 369 1510 orat
391 1485 400 1509 :
425 1464 539 1510 taedet
564 1463 652 1509 coeli
674 1481 843 1509 convexa
867 1463 975 1509 tueri.

94 1539 188 1597 Quo
213 1536 329 1601 magis
349 1536 540 1600 inceptum
557 1551 711 1600 peragat
724 1573 736 1591 ‚
755 1536 955 1600 lucemque
973 1535 1188 1601 relinquat,

94 1614 227 1670 Vidit,
243 1613 475 1660 thuricremis
496 1632 578 1660 cum
599 1614 698 1660 dona
717 1612 932 1678 imponeret
956 1614 1026 1660 aris
1045 1651 1058 1671 ‚

99 1688 370 1746 (Horrendum
386 1687 511 1746 dictu)
533 1687 659 1733 latices
681 1687 892 1752 nigrescere
912 1687 1032 1734 sacros
1053 1725 1066 1743 ‚

98 1761 267 1825 Fusaque
287 1763 322 1807 in
341 1762 554 1808 obscaenum
572 1761 609 1806 se
633 1777 780 1806 vertere
800 1759 885 1806 vina
903 1778 1088 1807 cruorem,

99 1834 188 1878 Hoc
211 1831 329 1878 visum
349 1831 439 1877 nulli
456 1869 468 1887 ‚
490 1850 568 1877 non
588 1830 653 1895 ipfi
673 1831 781 1877 effata
801 1831 935 1878 sorori.
991 1829 994 1837 ¹

103 1909 286 1953 Praeterea
306 1905 375 1952 fuir
395 1905 431 1952 in
452 1905 554 1952 teffis
576 1906 622 1951 de
645 1924 831 1951 marmore
852 1907 1034 1970 templum

109 1980 298 2040 Coniugis
319 1979 459 2043 antiqui
478 2017 490 2035 .,
513 1980 608 2026 miro
628 1980 732 2041 quod
753 1980 900 2027 honore
918 1982 1093 2038 colebat„

106 2053 459 2101 Velleribus-niveis
480 2053 520 2101 ὅς
538 2054 624 2100 festa
643 2054 779 2100 fronde
797 2055 1013 2101 rev3n6hzm.

109 2125 210 2173 Hinc
228 2125 390 2172 exaudiri
407 2144 522 2173 voces
550 2125 590 2171 δε
607 2127 719 2173 verba
739 2127 908 2173 vocantis

110 2200 199 2247 Visa
222 2199 316 2254 viri3
338 2219 413 2247 nox
435 2219 517 2246 cum
539 2215 651 2246 terras
671 2200 823 2247 obscura
842 2215 1013 2246 teneret:

116 2274 282 2338 Solaque
302 2273 520 2320 culminibus
540 2272 645 2320 ferali
666 2273 826 2319 carmine
846 2272 948 2318 bubo

115 2352 224 2414 Saepe
243 2349 346 2413 queri
362 2386 374 2404 ,
402 2349 592 2414 &longas
614 2348 651 2395 in
675 2347 803 2394 fletum
823 2350 959 2395 ducere
979 2369 1106 2397 voces.

117 2420 317 2484 Multaque
338 2439 517 2485 praeterea
535 2437 660 2468 vatum
677 2422 851 2487 praedi&
868 2422 1018 2487 piorum

224 2497 424 2559 Virgilius
450 2498 500 2544 T.
516 2497 554 2542 Ι.
753 2512 755 2515 ·
1131 2500 1158 2543 Ρ

1272 114 1363 164 223

1276 298 1373 344 433.

1285 669 1379 706 440

1294 1038 1383 1082 445

1299 1412 1396 1455 450

1308 1779 1395 1822 455

1285 2167 1287 2169 .
1315 2135 1407 2183 460
