1715 3028
323 168 389 216 60
667 168 724 214 P.
793 167 1295 213 VIRGILII

325 269 365 318 Si
389 271 558 336 superant
575 271 687 319 foetus
703 307 714 327 ‚
742 271 878 336 pariter
900 271 1081 319 frumenta
1101 271 1330 336 sequenturg

324 344 543 406 Magnaque
566 360 647 388 cum
668 360 806 406 magno
831 343 960 390 veniet
982 343 1108 390 tritura
1128 343 1267 390 calore.

325 419 378 463 At
395 416 420 462 fi
440 416 580 463 luxuria
597 416 778 463 foliorum
796 417 971 464 exuberat
989 419 1116 465 umbra
1136 454 1148 473 ‚

324 489 591 552 Nequidquam
608 489 756 554 pinguis
777 490 882 554 palea
901 506 996 538 teret
1021 510 1103 539 area
1121 491 1279 538 culmos.

325 562 474 608 Semina
491 562 568 609 vidi
587 564 762 628 equidem
788 565 926 612 multos
948 565 1132 612 medica-re
1157 565 1349 621 serentes;

326 638 375 681 Et
391 635 487 682 nitro
505 636 604 700 prius
622 672 635 690 ‚
664 636 704 684 Sc
721 636 825 702 nigra
844 638 1066 703 perfundere
1084 658 1230 687 amurca
1243 675 1257 694 ‚

327 711 517 757 Grandior
543 728 581 758 ut
603 712 717 758 foetus
741 712 879 777 siliquis
904 714 1093 763 fallacibus
1111 715 1228 770 esset,

325 786 398 837 Et,
418 786 583 848 quamvis
601 785 677 851 igni
697 788 834 852 exiguo
856 804 1053 852 properata
1067 790 1263 839 ‘maderent
1277 800 1292 844 ‚'

326 859 415 905 Vidi
433 860 525 906 leeta
542 861 630 915 diu,
652 861 692 908 &
710 863 830 910 multo
856 863 1015 927 spectata
1031 864 1161 911 labore
1175 901 1189 919 ‚

331 935 572 997 Degenerare
589 950 733 983 tamen:
753 938 788 984 ni
805 938 858 984 vis
876 938 1031 986 humana
1047 934 1245 1003 quotannis

325 1007 494 1054 Maxima
512 1027 669 1073 quaeque
687 1028 794 1056 manu
814 1011 961 1075 legeret
981 1031 989 1055 ε
1015 1012 1064 1058 fic
1086 1012 1211 1060 omnia
1230 1011 1311 1057 fatis

326 1084 369 1127 In
389 1081 496 1146 pejus
513 1101 620 1129 ruere
636 1119 648 1137 ‚
677 1102 720 1129 ac
738 1100 838 1131 retro
863 1084 1027 1150 sublapsa
1047 1086 1187 1153 referri.

1512 313 1618 403 193,

325 1156 420 1201 Non
439 1155 546 1202 aliter
563 1192 576 1209 ‚
596 1175 704 1219 quam
723 1158 786 1220 qui
806 1159 966 1204 adverso
986 1160 1046 1206 vix
1067 1159 1221 1205 flumine
1240 1158 1403 1214 lembum
1451 1154 1475 1173 ³
1542 1167 1544 1170 ’
1594 1167 1604 1181 ‘

327 1227 507 1291 Remigiis
527 1228 663 1292 subigit
682 1264 694 1282 .,
714 1229 739 1274 fi
758 1229 905 1277 brachia
927 1230 1027 1277 forte
1044 1230 1178 1278 remifit
1192 1266 1206 1282 ,

327 1303 454 1363 Atque
475 1300 578 1346 illum
597 1301 632 1347 in
651 1319 819 1367 praeceps
837 1322 962 1367 prono
983 1304 1079 1369 rapit
1094 1306 1223 1351 alveus
1237 1304 1345 1350 amni.

394 1376 575 1422 Praeterea
595 1392 668 1423 tam
688 1377 769 1424 sunt
786 1379 930 1424 Areturi
948 1378 1062 1424 fidera
1084 1379 1191 1425 nobis
1207 1410 1220 1432 ‚-

328 1451 610 1514 Haedorumque
626 1451 704 1496 dies
722 1451 918 1505 servandi,
937 1451 977 1498 ὅ(
995 1451 1137 1497 lucidus
1157 1450 1296 1514 Anguis
1315 1485 1328 1503 ‚

328 1526 456 1583 Quam
476 1523 606 1585 quibus
625 1522 660 1568 in
681 1522 832 1586 patriam
850 1522 1004 1569 ventosa
1022 1542 1089 1587 per
1107 1541 1260 1586 aequora
1276 1520 1391 1568 veffis

328 1597 469 1640 Pontus
487 1594 527 1640 Sc
546 1593 703 1640 ostriferi
720 1594 843 1641 fauces
864 1610 1049 1644 tentantur
1064 1595 1202 1660 Abydi.

328 1668 437 1715 Libra
453 1669 513 1715 die
531 1669 726 1734 somnique
744 1689 848 1734 pares
864 1672 927 1717 ubi
945 1671 1078 1718 fecerit
1089 1671 1198 1718 horas
1213 1706 1226 1725 ‚
1283 1717 1291 1718 s

329 1744 380 1788 Et
393 1742 553 1788 medium
569 1743 644 1789 luci
661 1759 772 1808 atque
790 1745 926 1791 umbris
944 1746 1015 1808 jam
1032 1744 1175 1791 dividet
1200 1745 1331 1791 orbem
1349 1765 1359 1789 :

331 1818 516 1863 Exercete
536 1853 548 1872 .,
570 1818 668 1872 viri,
686 1836 809 1867 tauros
827 1839 835 1863 :
862 1818 970 1864 serite
994 1818 1136 1864 hordea
1153 1816 1289 1880 campis
1307 1851 1322 1870 ,

330 1892 462 1956 Usque
480 1892 545 1939 sub
563 1911 769 1952 extremum
786 1893 925 1939 brumae
942 1891 1178 1938 intractabilis
1195 1890 1361 1937 imbrem

330 1967 417 2012 Nec
433 1985 511 2012 non
533 1965 653 2012 &lini
672 1966 838 2031 segetem
859 2001 872 2020 .‚
906 1965 947 2012 &
968 1964 1128 2011 Cereale
1152 1981 1311 2027 papaver
1328 1998 1346 2017 ‚.

331 2039 497 2101 Tempus
514 2036 627 2084 humo
645 2053 775 2102 tegere
793 2074 806 2092 ‚
824 2038 863 2086 ὅ(
880 2037 1094 2101 jamdudum
1108 2036 1324 2083 incumbere
1344 2037 1466 2083 aratris
1484 2057 1493 2103 ς

331 2112 433 2156 Dum
458 2110 551 2157 ficca
568 2110 703 2158 tellure
725 2112 814 2158 licet
829 2147 843 2166 ‚
872 2112 959 2157 dum
981 2112 1105 2157 nubila
1124 2110 1298 2175 pendent.

333 2186 436 2230 Vere
458 2184 547 2230 fabis
566 2184 657 2232 satio
674 2206 682 2230 ε
703 2200 779 2231 tum
798 2200 835 2231 te
856 2201 1033 2248 quoque,
1061 2182 1212 2241 Medica
1229 2218 1242 2237 ,
1268 2198 1393 2246 putres

329 2255 531 2320 'Accipiunt
549 2257 638 2303 sulci
654 2293 666 2311 7
697 2257 737 2304 ὅ(
755 2256 859 2304 milio
878 2255 980 2303 venit
997 2274 1114 2303 annua
1131 2273 1214 2301 cura
1232 2275 1240 2300 ε

335 2330 523 2376 Candidus
548 2332 678 2377 auratis
699 2331 818 2395 aperit
849 2349 931 2377 cum
955 2330 1125 2376 cornibus
1145 2347 1278 2375 annum

333 2405 478 2449 Taurus
492 2439 504 2457 ,
522 2402 561 2450 ὅ(
579 2403 737 2450 adverso
761 2404 896 2451 cedens
917 2403 1029 2450 Canis
1049 2401 1188 2450 occidit
1205 2402 1313 2450 astro.

331 2477 386 2526 'At
403 2476 429 2523 si
447 2477 627 2526 triticeam
645 2477 682 2525 in
699 2479 849 2527 meffem
865 2477 1086 2541 robustaque
1109 2476 1205 2525 farra

1530 1465 1615 1507 ποις
1675 1507 1687 1517 x

1529 1836 1552 1865 2
1565 1830 1620 1864 1⁷0

1529 2200 1613 2244 21³3
