1715 3028
461 169 1048 218 BUCOLICA.
1349 180 1406 231 25

108 283 167 327 Tu
188 279 301 326 decus
320 296 434 327 omne
453 279 548 326 tuis:
569 278 765 344 postquam
784 293 821 324 te
839 277 911 324 fata
935 277 1103 324 tulerunt
1124 284 1139 331 ζ

106 356 188 421 Ipsa
205 356 310 402 Pales
329 373 440 420 agros
453 391 465 409 ‚
486 371 596 418 atque
615 353 695 418 ipse
713 352 867 416 reliquit
885 352 1044 417 Apollo.
1353 367 1372 407 3
1389 367 1414 414 ςΔ

109 428 273 475 Grandia
292 429 391 494 saepe
411 428 544 493 quibus
563 425 818 473 mandavimus
836 425 980 472 hordea
1002 424 1111 471 sulcis
1126 460 1139 480 .,

106 502 247 548 ‘Infelix
265 501 401 549 lolium
417 538 429 557 .,
456 501 496 548 &
515 500 656 547 steriles
676 499 921 547 dominantur
939 517 1085 546 avenae.

107 579 181 622 Pro
204 575 314 623 molli
333 577 435 623 viola
452 611 465 629 ,
489 594 562 640 pro
585 593 779 640 purpureo
800 573 956 620 narciffo
975 608 989 628 ,

111 651 280 696 Carduus
302 650 343 697 &
365 649 478 714 spinis
497 649 617 714 surgit
636 648 801 714 paliurus
824 647 954 694 acutis.

112 723 286 788 Spargite
302 723 454 769 humum
472 723 599 770 foliis:
622 722 789 768 inducite
806 721 977 768 fontibus
996 721 1172 776 umbras4
1356 738 1418 775 40

111 797 276 843 Pastores
294 817 302 842 :
323 796 474 842 mandat
492 796 574 843 fieri
593 796 661 842 fibi
682 795 769 843 talia
785 795 966 860 Daphnis.

111 873 159 917 Et
176 870 359 917 tumulum
376 870 487 918 facite
506 907 519 925 ‚
548 871 588 919 ἃ
609 870 756 918 tumulo
777 869 1017 935 superaddite
1035 888 1210 917 carmen:

114 947 316 992 DAPHNIS
334 962 424 993 EGO
437 963 485 992 IN
499 955 634 991 s‘1LVIs
650 980 662 999 ,
682 962 794 992 HINC
804 961 951 998 USQUE
970 961 1030 989 AD
1046 962 1206 991 SIDERA
1220 961 1363 992 NOTUS
1375 980 1389 1000 ‚

113 1020 314 1064 FORMOSI
332 1036 514 1065 PECORIS
529 1035 691 1065 CUSTOS
707 1054 719 1073 ‚
738 1035 1001 1065 FORMOSIOR
1022 1037 1126 1065 IPSE.

115 1108 186 1136 ME.
208 1092 303 1138 Tale
325 1107 428 1138 tuum
445 1110 593 1138 carmen
613 1092 722 1139 nobis
739 1128 751 1147 7
771 1092 899 1139 divine
919 1098 1033 1156 poeta
1049 1129 1062 1147 ,
1362 1111 1418 1155 45

115 1165 242 1225 Quale
262 1165 380 1229 sopor
396 1165 489 1211 feffis
510 1165 549 1210 in
569 1165 758 1228 gramine:
780 1167 895 1228 quale!
911 1183 979 1228 per
995 1167 1122 1212 aestum

117 1238 249 1284 Dulcis
269 1256 376 1302 aquae
394 1238 549 1285 saliente
566 1238 662 1285 fitim
679 1239 912 1303 restinguere
931 1239 1029 1286 rivo.

122 1314 205 1357 Nec
223 1311 368 1357 calamis
386 1311 509 1358 solum
527 1312 731 1376 aequiparas
747 1349 760 1367 ‚
787 1313 852 1359 sed
870 1331 969 1359 voce
987 1313 1230 1378 magistrum3

116 1388 320 1433 Fon-unare
336 1405 431 1450 puer
445 1423 457 1441 ‚
476 1403 515 1433 tu
535 1407 633 1434 nunc
653 1388 724 1433 eris
742 1388 834 1434 alter
853 1389 897 1433 ab
921 1388 1002 1435 illo.

118 1462 202 1507 Nos
223 1475 348 1507 tamen
362 1460 442 1507 haec
457 1479 687 1526 quocunque
705 1461 825 1508 modo
844 1461 912 1508 tibi
932 1462 1055 1509 nostra
1073 1462 1228 1509 viciffim
1367 1479 1424 1524 50

119 1532 321 1579 Dicemus:
347 1533 604 1599 Daphninque
622 1550 726 1581 tuum
749 1534 928 1581 tollemus
953 1535 999 1581 ad
1018 1536 1108 1582 astra
1127 1557 1136 1582 t

122 1604 300 1669 Daphnin
319 1606 365 1652 ad
387 1607 477 1652 astra
497 1606 682 1653 feremus:
705 1606 842 1653 amavit
863 1626 932 1654 nos
953 1626 1110 1672 quoque
1126 1608 1310 1676 Daphnis,

120 1694 197 1723 Mo.
224 1682 282 1724 An
308 1679 510 1744 quidquam
535 1681 646 1728 nobis
663 1681 727 1727 tali
744 1681 788 1727 fit
805 1700 962 1728 munere
979 1682 1126 1746 majus?

123 1752 170 1797 Et
191 1770 285 1815 puer
302 1752 381 1818 ipse
397 1755 466 1801 fuit
484 1755 622 1816 ¹cantari
640 1756 801 1821 dignus:
824 1756 865 1804 &
884 1756 948 1803 ista

123 1826 199 1871 Iam
219 1826 364 1888 pridem
382 1826 565 1874 Stimicon
582 1829 748 1876 laudavit
767 1829 928 1876 carmina
946 1829 1068 1877 nobis.
1375 1844 1392 1894 ς
1408 1849 1426 1892 5

128 1915 200 1944 ME.
228 1900 420 1947 Candidus
439 1901 625 1949 insuetum
646 1904 799 1951 miratur
818 1906 933 1952 limen
953 1906 1143 1971 Olympi,

123 1973 199 2019 Sub
219 1974 453 2039 pedibusque
471 1977 575 2023 videt
595 1978 712 2024 nubes
739 1978 780 2025 δε
800 1978 917 2025 fidera
938 1980 1123 2044 Daphnis.

126 2048 229 2111 Ergo
248 2047 376 2094 alacris
394 2048 500 2096 filvas
516 2086 528 2105 ,
553 2050 593 2098 δε
611 2066 735 2098 cetera
753 2070 839 2098 rura
855 2052 1031 2116 voluptas
1046 2088 1059 2107 ‚

124 2121 300 2184 Panaque
313 2157 325 2176 ,
344 2122 585 2188 pastoresque
609 2140 741 2180 tenet,
761 2125 1008 2190 Dryadasque
1030 2126 1191 2190 puellas.

123 2198 208 2242 Nec
224 2197 333 2262 lupus
355 2198 500 2247 infidias
525 2201 657 2265 pecori
676 2238 689 2256 ‚
715 2221 786 2248 nec
805 2202 898 2249 retia
924 2202 1043 2248 cervis
1366 2209 1430 2251 60

123 2268 213 2315 Ulla
231 2269 362 2316 dolum
378 2272 628 2320 meditantur:
649 2289 745 2321 amat
764 2274 885 2321 bonus
905 2275 983 2322 otia
1003 2276 1184 2341 Daphnis.

121 2344 192 2408 Ipfi
215 2345 345 2393 laetitia
362 2367 479 2395 voces
500 2350 546 2396 ad
568 2349 685 2397 fidera
706 2351 842 2414 ja&ant

121 2415 265 2466 Intonsi
285 2437 431 2468 montes
451 2444 459 2468 ε
490 2423 580 2489 ipsae
598 2424 669 2487 jam
689 2425 848 2472 carmina
868 2444 978 2490 rupes
995 2463 1008 2482 ‚

120 2492 202 2557 Ipsa
221 2493 354 2542 sonant
374 2496 516 2545 arbusta
533 2532 545 2553 ‚
565 2501 669 2546 Deus
681 2535 694 2553 ‚
711 2502 814 2548 Deus
836 2500 902 2548 ille
916 2536 928 2556 ,
945 2502 1136 2550 Menalca.
