1715 3028
413 151 544 196 B‘rs
579 150 616 194 c
652 126 765 194 οι
798 123 1035 197 J‘CAtl

46 248 126 304 ‘Sic
145 257 236 313 tibi,
257 275 339 303 curn
363 256 496 303 finnus
517 255 768 303 subterlabere
787 255 938 302 Sicanos
952 291 963 308 ‚

67 329 182 377 Doris
203 348 321 375 amara
340 328 437 374 suam
457 347 534 374 non
554 326 797 374 intermisceat
822 328 966 374 undam„

66 403 203 466 Incipe.
225 400 409 448 sollicitos
433 400 535 447 Galli
556 399 718 445 dicamus
740 419 912 454 amore3‚

68 479 168 523 Dum
188 476 315 524 tenera
332 476 528 523 attondent
547 473 645 520 fimae
665 475 830 540 virgulta
848 475 1015 538 capellae.

68 552 159 597 Non
181 549 343 596 canimus
364 549 477 595 surdis
497 566 524 611 :j
539 547 772 612 respondent
792 549 918 595 omnia
946 547 1061 594 filvae.

70 627 169 685 Quae
188 642 362 678 nemora,
380 638 443 669 aut
461 619 525 687 qui
543 642 613 669 vos
634 622 742 669 saltus
764 622 951 676 habuere,
971 620 1111 686 puellae

70 698 229 744 Naiades
244 732 257 751 ‚
275 696 432 760 indigno
452 714 536 743 cum
555 695 685 742 Gallus
705 715 833 743 amore
857 695 996 760 periret
1013 701 1028 741 ?

69 772 166 817 Nam
186 788 306 834 neque
324 770 475 818 Parnaffi
496 770 605 817 vobis
624 771 736 834 juga‚
757 788 838 815 nam
859 786 984 832 neque
1001 767 1108 814 Pindi

69 844 157 891 Ulla
175 863 316 892 moram
337 845 461 892 fecere
476 880 489 899 ‚
506 863 628 908 neque
650 844 784 890 Aoniae
804 843 1026 908 Aganippae.

70 917 180 964 Illum
199 917 309 964 etiam
328 918 448 973 lauri,
470 917 575 965 illum
596 917 705 965 etiam
725 917 868 964 flevere
888 915 1064 981 myricae:

71 991 208 1039 Pinifer
224 993 329 1039 illum
351 994 460 1041 etiam
479 993 559 1040 sola
579 994 644 1040 sub
662 1011 753 1057 rupe
770 993 953 1056 jacentem

72 1068 279 1120 Maenalm,
297 1068 338 1116 ἃ
357 1068 472 1133 gelidi
491 1068 678 1115 fleverunt
699 1069 779 1115 saxa
800 1067 936 1132 Lycaei.

77 1143 180 1187 Stant
199 1141 240 1188 ἃ
258 1160 350 1188 oves
370 1142 531 1188 circum:
556 1142 670 1188 nostri
689 1160 759 1188 nec
776 1141 937 1205 poenitet
952 1141 1055 1188 illas:

78 1214 160 1259 Nec
179 1231 216 1260 te
234 1214 418 1277 poeniteat
433 1213 581 1278 pecoris
598 1249 610 1266 ,
632 1213 759 1259 divine
778 1231 915 1276 poeta:

79 1288 125 1332 Et
143 1286 330 1334 formosus
352 1305 442 1333 oves
463 1287 508 1333 ad
534 1286 684 1333 flumina
701 1285 803 1350 pavit
820 1285 977 1332 Adonis.

80 1360 195 1406 Venit
212 1360 252 1407 ἃ
269 1361 417 1424 upilio:
439 1360 533 1406 tardi
553 1378 692 1406 venere
709 1359 885 1406 bubulci:

75 1431 219 1483 Uvidus
238 1431 391 1479 hiberna
408 1431 513 1478 venit
531 1432 579 1478 de
604 1432 736 1496 glande
753 1432 961 1478 Menalcas.

82 1509 223 1553 Omnes
237 1543 250 1561 ‚
269 1508 367 1554 unde
385 1525 490 1554 amor
509 1507 574 1553 iste
590 1542 602 1561 ‚
621 1523 759 1570 rogant
772 1542 784 1561 ,
803 1506 870 1552 tibi
889 1513 902 1552 ?
936 1505 1038 1552 venit
1062 1506 1233 1569 Apollo:

82 1579 194 1626 Galle
208 1615 221 1634 ‚
241 1579 331 1644 quid
352 1579 513 1626 insanis?
534 1578 654 1643 inquit
669 1615 681 1634 ‚
702 1598 762 1626 tua
783 1598 868 1626 cura
885 1580 1040 1644 Lycoris

81 1656 227 1718 Perque
245 1654 348 1700 nives
368 1654 501 1709 alium,
522 1672 664 1718 perque
686 1653 837 1701 horrida
857 1654 967 1700 castra
986 1654 1108 1700 secuta
1125 1653 1187 1700 est.

84 1729 198 1785 Venit
215 1730 256 1776 ὅ(
274 1730 407 1794 agresti
428 1730 555 1795 capitis
575 1730 746 1775 Silvanus
774 1729 947 1784 honore,

85 1803 271 1850 Florentis
291 1804 425 1849 ferulas
445 1803 484 1849 Sc
508 1804 656 1867 grandia
674 1803 752 1850 lilia
774 1804 947 1867 quaffans.

85 1875 159 1933 Pan
177 1876 279 1919 Deus
297 1874 464 1919 Arcadiae
480 1875 606 1920 venit:
629 1892 740 1937 quem
760 1874 920 1920 vidimus
942 1874 1008 1938 ipsi

87 1945 304 2010 Sanguineis
320 1946 420 1992 ebuli
437 1946 557 1992 baccis
577 1945 770 2010 minioque
790 1946 997 1992 rubentem.

88 2018 223 2081 Ecquis
245 2018 313 2065 erit
335 2018 499 2064 modus?
526 2018 656 2082 inquit.
692 2021 813 2064 Amor
835 2037 911 2064 non
932 2019 1015 2064 talia
1035 2035 1146 2064 curat.

90 2094 172 2139 Nec
191 2091 351 2139 lacrimis
370 2091 527 2139 crudelis
547 2097 665 2139 Amor
679 2127 691 2146 ,
709 2111 777 2138 nec
796 2093 957 2157 gramina
976 2092 1085 2146 rivis,

90 2167 173 2211 Nec
191 2165 311 2229 cytiso
331 2165 533 2212 saturantur
552 2182 638 2229 apes
656 2201 666 2218 ,
689 2183 757 2211 nec
778 2165 911 2211 fronde
932 2166 1098 2229 capellae.

89 2239 216 2286 Tristis
236 2253 272 2284 at
292 2238 381 2285 ille:
402 2239 546 2285 Tamen
563 2237 753 2284 cantabitis
769 2274 782 2292 ‚
801 2239 965 2285 Arcades
983 2274 995 2293 .,
1015 2238 1164 2303 inquit,

92 2311 297 2360 Montibus
309 2312 388 2358 haec
404 2311 531 2358 vestris
549 2334 558 2357 :
579 2312 650 2359 soli
671 2328 812 2358 cantare
832 2311 942 2375 periti

92 2387 266 2434 Arcades.
288 2406 312 2433 o
332 2386 421 2433 mihi
440 2402 517 2432 tum
534 2405 642 2450 quam
659 2385 824 2432 molliter
846 2386 919 2433 offa
939 2385 1126 2450 quiescant
1141 2422 1156 2441 ‚

93 2461 222 2511 Vestra
240 2477 346 2508 meos
366 2459 458 2509 olim
474 2459 500 2508 fi
521 2460 638 2507 fistula
654 2460 751 2514 dicat
772 2477 916 2507 amores
935 2467 945 2505 ἱ

1292 161 1355 210 47

1300 709 1355 738 10

1308 1079 1362 1130 15ss

1306 1447 1366 1481 20'

1318 2184 1374 2225 30
