1715 3028
292 132 385 194 356
662 131 1304 181 P.V1RGILJJ

282 237 368 298 Qui
387 238 462 284 vita
477 238 577 284 bene
598 237 722 283 credat
742 237 815 282 emi
831 273 842 290 ‚
864 255 941 300 quo
963 237 1109 291 tendis,
1129 238 1327 286 honorem„

286 312 398 359 Nisus
417 314 461 358 ad
483 313 583 357 haec:
606 311 791 375 Equidem
811 312 857 358 de
878 330 914 360 te
937 312 988 358 nil
1007 313 1079 358 tale
1098 313 1274 360 verebar·

283 385 370 432 Nec
390 387 441 432 fas
461 405 469 429 :
492 405 582 432 non.
605 390 655 432 lta
674 404 733 432 me
753 385 887 432 referat
905 386 972 433 tibi
994 404 1146 450 magnus
1161 403 1340 434 ovantem

283 462 475 526 Juppiter‚
494 478 553 508 aut
573 462 788 525 quicunque
811 462 930 508 oculis
952 462 1032 508 haec
1051 462 1209 527 adspicit
1228 463 1356 527 aequis.

286 536 361 581 Sed
381 533 405 580 si
426 535 506 598 quis
528 539 642 598 (quae
660 536 773 582 multa
791 535 896 582 vides
915 535 1126 581 discrimine
1141 535 1233 595 tali)
1494 556 1518 582 2
1533 555 1586 583 10

287 610 323 654 Si
344 608 425 671 quis
450 608 487 654 in
508 609 705 655 adversum
726 608 844 673 rapiat
862 645 874 663 ,
897 610 1047 656 casusve
1064 646 1075 664 ,
1099 610 1263 664 deusve,

285 685 343 728 Te
362 682 545 745 superesse
566 683 704 729 velim:
731 698 792 729 tua
811 683 887 729 vita
906 683 1061 746 dignior
1081 699 1179 729 aetas.

285 758 340 802 Sit
358 793 370 810 ‚
390 757 454 820 qui
473 776 531 804 me
554 773 699 822 raptum
720 775 846 822 pugna
864 793 876 811 ‚
894 757 1067 821 pretiove
1084 759 1292 805 redemtum

286 832 448 878 Mandet
465 831 581 878 humo
603 832 722 878 solida
741 853 749 876 ε
772 847 856 885 aut,
877 831 902 877 fi
925 850 995 895 qua
1015 831 1052 877 id
1072 835 1236 879 Fortuna
1257 832 1428 888 vetabit,

285 905 442 951 Absenti
460 906 554 952 ferat
573 905 721 952 inferias
737 941 749 960 ,
768 906 1002 978 decoretque
1024 906 1213 969 sepulcro.
1496 926 1518 952 2
1532 926 1547 951 1
1564 926 1580 970 ς

286 982 372 1027 Neu
397 981 503 1028 matri
521 981 665 1028 miserae
683 981 772 1028 tanti
791 981 856 1027 fim
874 981 979 1027 causa
1000 980 1172 1026 doloris:

287 1058 390 1116 Quae
407 1074 443 1103 te
465 1057 543 1103 sola
557 1094 570 1113 ,
590 1075 682 1121 puer
697 1092 709 1110 ‚
726 1055 850 1102 multis
871 1073 891 1101 e
908 1054 1083 1100 matribus
1103 1054 1188 1100 ausa
1204 1090 1217 1108 ‚

286 1129 526 1193 Persequitur
543 1167 555 1182 ,
576 1129 700 1193 magni
721 1147 790 1174 nec
811 1128 953 1175 moenia
973 1144 1074 1174 curat
1093 1128 1246 1175 Acestae.

287 1202 357 1249 Ille
377 1218 500 1248 autem
519 1223 527 1247 :
553 1201 690 1248 Causas
711 1201 965 1265 nequid-quam
985 1199 1099 1247 neffis
1120 1200 1238 1247 inanis
1255 1234 1269 1255 ‚

288 1278 372 1322 Nec
392 1294 473 1321 mea
491 1275 563 1338 jam
581 1290 718 1321 mutata
737 1275 830 1321 loco
853 1273 1033 1321 sententia
1054 1275 1164 1321 cedit„
1499 1293 1590 1321 220

289 1349 555 1395 Acceleremus
573 1385 586 1401 5
611 1347 671 1394 ait.
691 1348 839 1412 Vigiles
859 1348 964 1394 fimul
985 1348 1130 1394 excitat.
1156 1348 1214 1394 Illi

290 1422 504 1468 Succedunt
518 1457 531 1475 ‚
558 1420 783 1484 servantque
804 1420 905 1467 vices
925 1442 933 1465 :
959 1419 1118 1466 statione
1142 1419 1268 1466 reli&

290 1492 372 1555 Ipse
387 1511 518 1538 comes
535 1491 631 1538 Niso
653 1492 841 1555 graditur,
861 1509 1067 1554 regemque
1086 1490 1291 1553 requirunt.

356 1567 494 1610 Cetera
515 1582 582 1627 per
597 1579 711 1609 terras
733 1564 853 1610 omnis
871 1563 1041 1609 animalia
1059 1562 1194 1622 somno

287 1641 471 1687 Laxabant
494 1639 655 1689 curas&
673 1640 786 1685 corda
812 1638 928 1685 oblita
945 1638 1138 1683 laborum:
1487 1657 1572 1698 225

290 1715 476 1760 DuEtores
495 1716 684 1758 Teucrum
701 1709 809 1775 primi
828 1747 840 1765 ,
864 1710 1006 1755 dele&
1026 1709 1201 1772 juventus
1218 1745 1232 1764 .,

291 1786 503 1833 Consilium
524 1785 671 1831 summis
694 1783 800 1848 regni
819 1785 866 1830 de
884 1783 993 1829 rebus
1011 1783 1197 1829 habebant
1216 1819 1229 1838 .,

292 1859 398 1920 Quid
417 1858 582 1904 facerent
598 1894 609 1911 .,
631 1857 760 1920 quisve
780 1861 910 1902 AEneae
927 1856 998 1918 jam
1026 1855 1172 1901 nuntius
1199 1856 1316 1902 effer:

292 1935 395 1977 Stant
411 1931 537 1994 longis
555 1929 678 1976 adnixi
699 1929 828 1981 hastis„
850 1929 889 1975 ἃ
904 1928 1002 1974 scuta
1020 1943 1216 1981 tenentes,

293 2005 507 2051 Castrorum
528 2003 569 2050 ἃ
587 2002 705 2066 campi
724 2001 865 2048 medio.
886 2005 984 2047 Tum
1002 2001 1112 2047 Nisus
1134 2001 1173 2048 &
1192 2019 1261 2047 una
1496 2019 1585 2059 230

294 2079 474 2143 Euryalus
492 2077 689 2124 confestim
706 2077 843 2123 alacres
861 2076 1047 2122 admittier
1066 2092 1174 2122 orant
1190 2097 1200 2120 ι

293 2159 386 2201 Rem
400 2172 569 2217 magnam
582 2189 594 2206 ‚
615 2152 851 2216 pretiumque
869 2169 986 2197 morae
1004 2151 1099 2197 sore.
1122 2151 1260 2197 Primus
1275 2150 1373 2196 Iulus

294 2227 452 2291 Accepit
467 2226 636 2290 trepidos
652 2261 664 2278 ‚
682 2244 723 2271 ac
742 2224 874 2271 Nisum
893 2225 1019 2270 dicere
1037 2224 1140 2286 juffit.

294 2302 392 2344 Tum
407 2299 456 2344 fic
474 2298 693 2361 Hyrtacides
710 2317 718 2341 ε
741 2296 880 2342 Audite
902 2316 925 2343 o
943 2296 1129 2342 mentibus
1148 2295 1262 2358 aequis
1279 2330 1292 2348 ‚

296 2374 472 2418 AEneadae
492 2394 501 2418 ι
523 2392 619 2419 neve
636 2373 718 2418 haec
738 2372 869 2418 nostris
887 2372 1095 2436 spe&entur
1114 2371 1157 2416 ab
1177 2372 1280 2417 annis
1294 2407 1308 2426 ‚
1495 2388 1580 2429 235

298 2445 398 2504 Quae
416 2444 576 2491 ferimus.
605 2445 732 2492 Rutuli
750 2445 884 2492 somno
903 2444 1071 2508 vinoque
1090 2443 1202 2491 soluti
