1715 3028
281 145 813 193 GEORGICON
875 147 1030 194 LIB.
1097 149 1137 194 I.

54 249 233 309 Scilicet„
253 266 365 314 atque
386 225 486 296 Offae
505 234 730 304 frondosum
747 250 948 297 involvere
968 228 1208 316 Olympum:

54 328 132 372 Ter
151 340 256 390 pater
276 323 481 370 exstruCtos
502 323 650 387 disjecit
669 323 827 369 fulmine
851 319 1002 371 montis.

54 403 230 463 Septuma
250 397 334 461 post
353 398 547 443 decumam
562 396 652 442 felix
666 431 679 450 0
698 395 738 442 ἃ
755 415 902 460 ponere
920 397 1037 444 vitem
1058 433 1071 452 ‚

55 474 103 517 Et
121 470 280 536 prensos
299 470 484 521 domitare
503 470 624 516 boves
638 503 651 524 ,
672 467 713 515 &
731 468 817 515 licia
836 469 923 514 relae

55 545 219 592 Addere.
240 563 342 591 nona
361 544 461 608 fugae
480 543 644 597 melior,
666 542 851 590 contraria
876 543 994 589 furtis„

56 619 181 665 Multa
203 618 299 664 adeo
321 617 444 682 gelida
461 615 595 662 melius
617 615 654 662 se
675 616 787 663 noste
813 617 953 663 dedere
972 651 987 671 .,

55 699 133 740 Aut
159 710 240 740 cum
263 692 343 738 sole
362 710 468 738 novo
488 706 605 737 ‘terras
626 691 760 738 irrorat
778 694 891 738 Eous.

57 771 95 815 N
101 769 185 815 oste
203 769 305 813 leves
324 766 457 813 melius
474 766 620 831 stipulae.
638 803 651 822 .,
668 767 780 814 noste
799 767 899 814 arida
923 784 1026 833 prata

61 844 312 891 Tondentur:
336 843 466 889 nosses
489 842 613 889 lentus
633 861 713 890 non
730 842 857 889 deficit
875 842 1022 890 humor.

59 921 106 965 Et
127 902 278 982 quidani
295 918 398 964 seros
417 916 565 967 hiberni
592 918 638 963 ad
660 916 811 963 luminis
843 916 952 982 ignes

45 990 263 1055 „Pervigilat
277 1026 289 1044 ‚
308 990 487 1053 ferroque
507 990 605 1036 faces
626 989 785 1054 inspicat
803 1005 928 1037 acuto.

58 1070 231 1120 Interea,
251 1065 412 1130 longum
437 1080 548 1111 cantu
569 1064 688 1112 solata
710 1065 881 1111 laborem
903 1100 916 1119 ‚

64 1141 214 1202 Arguto
240 1140 380 1199 conjux
406 1137 590 1201 percurrit
613 1138 764 1202 peffine
786 1139 877 1185 telas
897 1160 907 1184 :

24 1212 28 1216 ’
65 1214 142 1258 Aut
169 1210 287 1257 dulcis
312 1210 419 1256 musti
443 1209 622 1256 Volcano
645 1210 830 1273 decoquit
855 1211 1052 1257 humorem
1069 1247 1083 1266 ‚

63 1285 112 1329 Et
136 1282 238 1330 foliis
261 1282 397 1328 undam
418 1280 556 1345 trepidi
574 1281 769 1345 despumat
788 1281 910 1328 aheni.

62 1361 115 1404 At
131 1357 336 1403 rubicunda
354 1358 471 1402 Ceres
496 1356 625 1402 medio
647 1355 848 1402 succiditur
875 1356 961 1403 aestu
979 1379 988 1403 ε

64 1433 112 1477 Et
129 1430 256 1477 medio
279 1431 391 1477 tostas
407 1430 493 1476 aestu
512 1430 600 1476 terit
616 1449 701 1476 area
719 1431 845 1494 fruges

66 1504 198 1550 Nudus
217 1522 277 1549 ara
291 1539 304 1557 ‚
332 1502 412 1549 sere
433 1504 564 1549 nudus.
584 1503 702 1549 hiems
721 1502 858 1567 ignava
879 1503 1039 1551 colono.

67 1578 287 1643 Frigoribus
308 1595 416 1643 parto
434 1577 615 1643 agricolae
639 1578 864 1643 plerumque
882 1579 1054 1626 fruuntur
1070 1611 1083 1634 ‚

34 1708 37 1710 ‚
65 1655 277 1716 Mutuaque
298 1652 396 1699 inter
419 1652 457 1698 se
477 1651 556 1697 laeti
584 1651 763 1698 convivia
793 1669 934 1699 curant.

64 1726 202 1774 Invitat
220 1725 377 1791 genialis
397 1725 514 1772 hiems
532 1762 545 1782 ‚
575 1725 754 1790 curasque
770 1726 929 1774 resolvit
948 1748 958 1772 t

67 1801 152 1845 Ceu
172 1799 302 1863 preffae
322 1817 405 1843 cum
423 1799 496 1861 jam
515 1815 669 1862 portum
689 1799 850 1864 tetigere
870 1799 1005 1846 carinae
1019 1836 1033 1855 ,

67 1872 259 1936 Puppibus
277 1871 317 1918 ἃ
334 1871 411 1917 laeti
431 1886 553 1917 nautae
571 1872 785 1936 imposuere
807 1893 980 1920 coronas.

70 1945 145 1991 Sed
163 1958 287 1991 tamen
305 1944 345 1991 ἃ
365 1963 524 2008 quernas
542 1945 694 2009 glandes
713 1961 790 1992 tum
810 1946 992 2011 stringere
1011 1959 1187 2013 tempusg

26 2018 29 2019 ⁷
73 2020 120 2064 Et
141 2018 234 2064 lauri
254 2017 383 2064 baccas
398 2053 411 2073 ‚
434 2017 634 2081 oleamque
648 2053 659 2071 ‚
687 2034 916 2082 cruentaque
937 2037 1069 2084 myrta.

71 2093 170 2138 Tum
189 2090 339 2156 gruibus
357 2091 508 2156 pedicas
528 2091 568 2138 ἃ
586 2091 679 2137 retia
696 2110 843 2156 ponere
862 2093 981 2141 cervis
997 2130 1010 2148 ‚

70 2165 304 2230 Auritosque
326 2165 431 2230 sequi
456 2166 634 2231 lepores:
651 2182 731 2214 tum
748 2168 865 2233 figere
887 2169 1009 2216 damas
1023 2206 1042 2225 2
1060 2181 1063 2182 ’

72 2241 239 2304 Stuppea
254 2254 496 2303 torquentem
513 2240 673 2287 Balearis
693 2242 849 2289 verbera
867 2242 993 2289 fundae
1007 2279 1021 2298 .,

73 2316 174 2360 Cum
191 2314 253 2361 nix
272 2316 344 2362 alta
365 2316 489 2380 jacet,
516 2316 676 2381 glaciem
695 2335 778 2363 cum
797 2316 952 2364 flumina
972 2318 1138 2366 trudunt.

75 2386 184 2448 Quid
207 2389 440 2454 tempestates
459 2391 647 2450 auslurnni
666 2391 707 2439 ἃ
726 2391 841 2439 fidera
860 2392 979 2440 dicam
999 2400 1014 2439 ?

76 2464 203 2525 Atque
216 2498 230 2518 ‚
255 2463 319 2511 ubi
333 2465 407 2528 jam
426 2466 657 2530 breviorque
674 2466 753 2521 dies
770 2502 782 2524 ,
802 2467 842 2515 ἃ
861 2468 1017 2516 mollior
1040 2469 1171 2524 aesta53

1293 150 1366 211 63*

1270 864 1363 904 29&

1271 1228 1364 1277 2953

1274 1600 1365 1641 30o

1274 1967 1366 2014 3051

1276 2340 1366 2379 310
