1715 3028
363 175 452 238 196
681 176 734 220 Ρ.
807 175 1311 221 VIRGILII

358 282 588 329 Hectoreum
605 280 649 326 ad
666 279 846 325 tumulum
864 301 873 325 :
897 280 1004 326 viridi
1024 299 1133 343 quem
1154 281 1292 345 cespite
1310 280 1486 336 inanem}

359 359 404 402 Et
423 354 586 420 geminas
602 390 613 407 ,
633 343 775 400 carffam
794 353 952 400 lacrimis
967 390 979 408 ‚
999 354 1202 401 sacraverat
1217 374 1305 401 aras.
1515 416 1519 419 1
1554 355 1649 418 305¹

359 430 411 472 Ut
430 444 489 472 me
509 424 704 488 conspexit
723 423 937 471 venientem
954 459 966 479 ‚
987 425 1026 472 &
1046 429 1162 473 Tro‘1'a
1182 426 1318 473 circum

359 501 469 546 Arma
487 518 612 545 amens
630 498 724 545 vidit
732 519 743 553 3
764 501 905 563 magnis
926 499 1097 546 exterrita
1117 500 1289 546 monstris
1638 528 1659 556 0

360 572 535 636 Deriguit
554 571 635 617 visu
653 571 690 617 in
706 571 857 618 medio:
880 572 982 618 calor
1003 573 1076 618 offa
1097 573 1259 637 reliquit.

359 645 531 692 Labitur:
553 645 592 691 ὅ(
610 646 734 709 longo
754 644 816 691 vix
833 644 980 691 tandem
1001 664 1173 709 tempore
1191 647 1310 693 fatur:

359 721 509 763 Verane
528 733 564 763 te
581 717 692 763 facies
710 753 723 772 .,
747 736 856 763 verus
875 717 963 763 mihi
987 718 1133 764 nuntius
1156 718 1263 764 affers
1282 753 1296 772 ‚
1503 752 1507 754 -
1561 734 1579 775 3
1596 733 1651 763 10

357 793 458 844 Nate
484 791 580 836 dea?
601 789 775 836 vivisne?
796 805 856 836 aut
884 790 909 835 fi
931 790 991 836 lux
1011 791 1103 837 alma
1126 791 1269 837 receffit
1284 825 1298 845 ‚

361 864 503 911 Hector
520 863 584 909 ubi
607 863 684 909 est?
708 863 824 916 dixit,
843 863 1084 926 lacrimasque
1102 863 1235 910 effudit
1253 898 1265 918 .,
1290 863 1331 911 ὅ(
1351 880 1502 910 omnem

360 936 536 1000 Implevit
555 936 719 983 clamore
738 937 877 982 locum.
901 936 972 982 Vix
991 955 1106 999 pauca
1126 935 1262 982 furenti

363 1009 531 1072 Subjicio
548 1046 559 1063 ,
581 1010 622 1056 &
644 1009 733 1056 raris
753 1010 916 1055 turbatus
941 1009 1097 1055 vocibus
1123 1009 1238 1056 hisco.

362 1084 466 1129 Vivo
487 1081 660 1143 equidem
677 1117 688 1135 ‚
706 1082 896 1145 vitamque
916 1096 1079 1127 extrema
1098 1099 1166 1145 per
1186 1081 1312 1128 omnia
1333 1081 1446 1128 duco.
1565 1097 1586 1139 3
1601 1098 1617 1124 1
1631 1094 1659 1144 ς,

363 1159 426 1204 Ne
446 1157 594 1202 dubita:
613 1175 696 1201 nam
716 1175 803 1201 vera
825 1155 940 1201 vides.

363 1234 475 1277 Heu!
505 1231 584 1294 quis
605 1245 641 1276 te
668 1230 767 1275 casus
787 1230 964 1292 dejectam
984 1229 1152 1293 conjuge
1169 1244 1273 1277 tanto

365 1303 514 1368 Excipit
533 1311 546 1350 ?
572 1319 635 1350 aut
660 1322 746 1366 quae
762 1302 874 1367 digna
900 1303 979 1349 satis
998 1306 1162 1349 Fortuna
1182 1301 1306 1349 revifit
1325 1308 1339 1348 ?

365 1377 538 1425 Hectoris
556 1376 817 1424 Andromache
837 1375 1009 1440 Pyrrhin’
1029 1375 1214 1423 connubia
1236 1375 1386 1422 servas?

367 1451 518 1506 Deiecit
538 1451 683 1497 voltum
700 1486 711 1503 ‚
733 1450 772 1497 ὅ(
792 1450 940 1496 demissa
958 1469 1056 1496 voce
1082 1451 1207 1496 locuta
1226 1449 1300 1494 est:
1569 1461 1658 1503 320

368 1528 405 1571 Ο
428 1524 517 1575 felix
536 1543 607 1569 una
630 1524 819 1582 ante-alias
840 1523 1017 1569 Priameia
1036 1523 1146 1585 virgo
1166 1556 1178 1575 ‚

367 1595 550 1643 Hostilem
569 1595 615 1640 ad
633 1594 813 1640 tumulum
832 1594 962 1656 Trojae
985 1594 1049 1639 sub
1068 1592 1250 1639 moenibus
1269 1592 1351 1638 altis

368 1669 458 1717 Juffa
485 1668 606 1722 mori,
624 1687 707 1732 quae
736 1667 886 1714 sortitus
910 1686 987 1714 non
1015 1666 1166 1731 pertulit
1189 1667 1288 1712 ullos
1304 1701 1316 1719 ‚

369 1745 452 1788 Nec
475 1740 628 1787 victoris
656 1740 734 1787 heri
762 1740 883 1803 tetigit
903 1739 1049 1803 captiva
1073 1739 1225 1785 cubile!

371 1818 453 1862 Nos
472 1851 484 1869 ,
512 1814 628 1879 patria
648 1814 794 1860 incensa
815 1849 827 1867 ‚
858 1813 1002 1859 diversa
1030 1832 1096 1878 per
1114 1831 1267 1876 aequora
1284 1811 1404 1858 veRae
1423 1821 1438 1866 ,’
1574 1827 1628 1868 32
1641 1823 1667 1874 ς’Ι

368 1888 500 1952 Stirpis
520 1887 701 1933 Achilleae
718 1887 825 1933 fastus
843 1922 856 1941 .,
886 1888 1139 1951 juvenemque
1158 1885 1355 1950 superbum
1373 1920 1387 1938 ‚

370 1961 534 2008 Servitio
553 1962 669 2008 enixae
683 1997 696 2015 .,
715 1960 876 2007 tulimus.
911 1961 989 2022 Qui
1007 1961 1144 2007 deinde
1162 1995 1174 2014 ‚
1197 1959 1341 2006 secutus

370 2037 542 2082 Ledaeam
559 2035 791 2081 Hermionen
812 2033 1192 2096 Lacedaemoniosque
1211 2035 1470 2096 Hymenaeos„¹

370 2112 440 2156 Me
459 2108 598 2156 famulo
613 2108 860 2171 famulamque
879 2106 1029 2153 Heleno
1049 2103 1237 2152 transmifit
1255 2103 1470 2150 habendam

374 2185 436 2229 Ast
462 2184 567 2229 illum
589 2219 601 2237 ,
629 2200 768 2247 ereptae
787 2200 926 2246 magno
946 2181 1190 2228 inflammatus
1209 2197 1339 2225 amore
1359 2222 1361 2225 .
1575 2194 1664 2236 330

373 2255 563 2319 Coniugis
577 2291 588 2309 ,
610 2255 650 2302 &
668 2255 848 2301 scelerum
869 2254 987 2300 Furiis
1007 2254 1162 2318 agitatus
1176 2288 1188 2306 ‚
1208 2251 1359 2298 Orestes

373 2327 521 2390 Excipit
541 2327 726 2374 incautum
739 2364 750 2382 ‚
771 2327 980 2392 patriasque
1000 2328 1194 2373 obtruncat
1222 2325 1267 2371 ad
1284 2342 1373 2371 aras.
1428 2368 1437 2369 ἶ

373 2403 506 2446 Morte
527 2398 778 2464 Neoptolemi
804 2419 1008 2465 regnorum
1031 2399 1172 2446 reddita
1199 2398 1298 2444 ceffit

372 2474 456 2518 Pars
475 2472 625 2521 Heleno
644 2494 652 2518 ε
673 2474 735 2537 qui
754 2474 948 2522 Chaonios
972 2472 1204 2538 cognomine
1224 2489 1374 2537 campos
1396 2480 1411 2527 ζ
