1715 3028
326 165 430 223 -416
658 161 711 209 Ρ.
783 162 1286 211 VIRGJLIJ

334 268 415 315 Olli
436 285 672 321 convenere,
690 266 884 332 fluuntque
902 269 947 315 ad
969 268 1072 332 regia
1088 269 1210 334 plenis

330 344 446 390 Testa
463 342 544 388 viis.
566 342 679 388 Sedet
697 341 735 387 in
753 341 882 388 mediis
901 342 940 389 ὅ(
958 342 1133 389 maximus
1153 362 1237 390 aevo
1250 378 1263 399 ‚

330 418 376 462 Et
394 415 533 480 primus
553 414 707 479 sceptris
723 450 736 468 ‚
764 414 859 461 haud
877 416 962 462 laeta
982 417 1106 463 fronte
1121 449 1133 470 ‚
1153 416 1312 463 Latinus.

326 499 453 551 Atque
473 488 533 534 hic
546 488 706 552 'legatos
724 489 849 535 AEtola
869 508 913 535 ex
930 490 1022 535 urbe
1040 489 1206 537 remiffos
1222 526 1234 544 ‚

327 566 427 623 Quae
447 561 633 616 referant,
654 561 721 608 fari
739 562 844 625 jubet
856 598 869 616 .,
887 563 927 609 &
944 562 1123 627 responsa
1140 562 1307 626 reposcit

325 634 472 680 Ordine
494 635 622 681 mucia
641 635 719 681 suo.
744 637 851 680 Tunc
869 635 959 681 facta
977 633 1120 680 silentia
1140 634 1277 698 linguis
1297 668 1309 689 ‚

326 711 371 753 Et
391 709 556 755 Venulus
574 709 674 755 dieto
695 726 824 773 parens
842 709 890 756 ita
908 709 1018 761 farier
1039 709 1141 755 infit:

323 781 490 829 Vidimus
504 816 515 836 ,
534 801 557 828 o
578 781 678 828 cives
694 817 705 836 ‚
722 782 909 828 Diomede
925 781 1140 845 Argivaque
1159 782 1298 836 castra3

323 860 446 918 Atque
467 854 537 901 iter
554 851 692 901 emensi
714 853 812 901 casus
832 854 1085 919 superavimus
1107 853 1227 901 omnis
1246 876 1258 909 3

324 930 641 994 Contigimusque
661 948 808 976 manum
824 965 836 983 ῃ
859 948 931 993 qua
949 928 1116 976 concidit
1135 930 1197 976 llia
1215 928 1334 977 tellus.

323 1006 390 1052 Ille
410 1004 537 1051 urbem
559 1004 784 1068 Argyripam
802 1040 814 1058 7
839 1004 966 1069 patriae
984 1004 1216 1068 cognomine
1233 1003 1352 1068 gentis
1372 1037 1386 1058 ‚

321 1076 453 1124 Victor
473 1077 638 1141 Gargani
657 1076 843 1122 condebat
862 1075 1009 1140 iapygis
1031 1075 1137 1122 arvis,

322 1149 518 1212 Postquam
540 1147 772 1211 introgressi,
791 1147 832 1194 ἃ
858 1166 984 1194 coram
1004 1148 1085 1194 data
1112 1147 1222 1211 copia
1247 1146 1376 1202 fandi-3

320 1223 482 1268 Munera
500 1219 729 1284 praeferimus
745 1256 758 1274 ,
784 1238 924 1267 nomen
945 1219 1174 1284 patriamque
1194 1220 1394 1267 docemus:

322 1295 401 1356 Qui
421 1294 561 1340 bellum
580 1292 800 1346 intulerint,
820 1311 903 1355 quae
925 1292 1028 1338 causa
1045 1290 1232 1339 attraxerit
1252 1298 1386 1357 Arpos.

321 1366 467 1413 Auditis
489 1367 552 1413 ille
573 1365 653 1411 haec
672 1364 822 1429 placido
842 1364 890 1410 fic
909 1364 1071 1411 reddidit
1090 1383 1156 1412 ore
1175 1386 1184 1411 ε

317 1442 354 1486 O
375 1438 573 1485 fortunatae
593 1453 724 1501 gentes
737 1472 748 1492 ‚
771 1434 937 1483 Saturnia
956 1455 1094 1501 regna,

320 1511 475 1573 Antiqui
500 1508 681 1566 Ausonii,
701 1527 784 1571 quae
802 1528 870 1554 vos
891 1508 1038 1554 fortuna
1062 1507 1210 1571 quietos

317 1583 502 1630 Sollicitat
518 1618 530 1636 ,
551 1581 751 1644 suadetque
773 1581 905 1644 ignota
922 1580 1095 1627 laceffere
1118 1581 1243 1628 bella?

317 1658 544 1719 Quicunque
562 1655 694 1701 Iliacos
713 1653 813 1702 ferro
833 1653 1057 1701 violavimus
1076 1672 1213 1718 agros,

318 1730 465 1790 (Mitto
486 1748 527 1774 ea
544 1764 555 1781 .,
573 1747 656 1791 qnae
674 1728 784 1773 muris
805 1727 983 1773 bellando
1001 1725 1169 1774 exhausta
1187 1726 1250 1773 sub
1268 1726 1348 1774 altis
1362 1763 1375 1782 ‚

317 1804 430 1865 Quos
451 1799 584 1848 Simois
603 1800 736 1864 premit
756 1799 821 1846 ille
845 1799 973 1859 viros)
995 1797 1140 1846 infanda
1159 1818 1225 1864 per
1244 1799 1375 1847 orbem

314 1872 505 1938 Supplicia
519 1908 531 1926 ‚
551 1872 591 1919 ὅ(
609 1870 788 1917 scelerum
809 1889 940 1935 poenas
961 1870 1205 1935 expendimus
1228 1889 1357 1919 omnes
1374 1910 1387 1929 ‚

317 1947 391 1994 Vel
411 1945 556 1992 Priamo
579 1943 779 1990 miseranda
796 1961 923 1989 manus
941 1964 950 1988 ε
971 1943 1038 1989 scit
1056 1943 1153 1990 triste
1169 1942 1356 1991 Minervae

313 2018 421 2065 Sidus
437 2055 449 2073 .,
469 2018 509 2065 δι
527 2016 706 2063 Euboicae
724 2031 845 2062 cautes
861 2052 873 2070 ‚
891 2016 1067 2080 ultorque
1087 2016 1316 2081 Caphereus,

314 2092 453 2139 Militia
470 2111 516 2138 exv
533 2091 595 2137 illa
612 2089 797 2137 diversum
817 2090 862 2136 ad
880 2090 965 2135 litus
983 2090 1100 2137 adacti
1116 2126 1128 2144 ‚

312 2165 459 2212 Atrides
479 2162 606 2211 Protei
623 2163 820 2208 Menelaus
842 2163 1004 2226 adusque
1023 2164 1215 2211 columnas
1247 2157 1251 2160 ⁵

312 2241 488 2293 Exsulat3
506 2243 669 2286 AEtnaeos
687 2238 781 2285 vidit
799 2239 989 2303 Cyclopas
1009 2239 1148 2286 Ulixes.

313 2315 440 2376 Regna
456 2312 704 2376 Neoptolemi
721 2312 877 2359 referam
893 2348 905 2366 ‚
923 2313 1126 2376 versosque
1144 2309 1286 2375 penatis

312 2385 532 2432 Idomenei?
550 2385 745 2450 Libycone
764 2386 969 2432 habitantes
989 2386 1101 2432 litore
1121 2387 1261 2430 Locros
1279 2391 1294 2429 ἓ

312 2458 394 2520 Ipse
413 2462 634 2523 Mycenaeus
654 2477 875 2523 magnorum
894 2459 1026 2506 elutior
1048 2456 1249 2505 Achivom

1527 582 1616 620 ²40

1524 949 1608 991 245

1520 1310 1608 1354 250

1512 1673 1597 1718 255

1509 2025 1596 2066 260

1445 2400 1451 2406 ‘
1504 2390 1587 2443 265
