1715 3028
286 151 1000 201 GEORGICONLIB.
1033 149 1157 198 III.

60 259 215 314 Sud0r;
241 258 281 306 ἃ
301 258 367 304 ille
387 258 538 321 quidem
561 255 761 319 morituris
771 255 953 320 frigidus:
973 273 1053 302 aret

60 335 172 380 Pellis
193 370 205 388 ‚
229 334 269 381 &
288 334 333 380 ad
351 334 484 380 ‘saelum
502 331 668 380 anelanti
688 331 777 376 dura
795 330 937 379 resistit.

59 409 148 452 Haec
165 421 249 453 ante
269 405 423 452 exitium
440 405 566 469 primis
587 405 675 449 dant
692 402 791 466 signa
809 403 952 450 diebus.

59 480 120 525 Sin
151 479 189 525 in
213 478 384 543 processu
405 478 523 542 coepit
543 475 762 523 crudescere
780 476 936 532 morbus
953 512 966 531 ‚

57 556 155 599 Tum
172 573 266 601 vero
284 555 454 600 ardentes
475 552 576 600 oculi
591 588 603 606 ‚
622 567 735 615 atque
755 551 921 597 attra&us
940 552 984 597 ab
1004 553 1082 599 alto

58 628 215 692 Spiritus
232 664 243 682 ‚
263 628 445 675 interdum
465 626 605 691 gemitu
625 624 744 690 gravis
760 660 774 679 ‚
791 625 937 688 imaque
956 624 1081 689 longo

57 703 124 749 Ilia
144 702 302 767 singultu
321 702 481 748 tendunt
499 722 507 751 ;
531 700 559 747 it
577 699 722 751 naribus
744 714 822 745 ater

59 775 211 837 Sanguis
226 809 237 827 ,
260 773 300 820 &
322 772 480 819 obseffas
499 771 622 818 fauces
639 769 775 835 premit
794 769 924 834 aspera
941 769 1082 833 lingua.

57 846 201 892 Profuit
228 845 370 892 inserto
396 844 525 899 latices
553 844 754 891 infundere
776 862 896 891 cornu

55 922 212 967 Lenaeos
231 941 240 965 :
266 939 308 967 ea
326 919 404 966 visa
423 919 516 966 salus
535 918 783 966 morientibus
812 937 901 964 una.

55 996 155 1040 Mox
176 1009 252 1040 erat
270 994 345 1040 hoc
364 993 484 1058 ipsum
503 993 620 1040 exitio
638 1029 651 1048 Ὦ
679 991 860 1057 furiisque
879 991 1010 1039 refeffi

56 1066 250 1112 Ardebant
263 1102 274 1120 ᾖ
292 1065 434 1130 ipsique
454 1066 540 1112 suos
553 1101 565 1119 ‚
582 1065 653 1128 jam
669 1081 793 1112 morte
814 1065 879 1111 sub
895 1083 994 1127 aegra
1012 1101 1025 1119 ‚

58 1142 138 1197 (Di
158 1139 315 1186 meliora
330 1139 401 1202 piis
417 1175 430 1193 .,
450 1157 694 1201 erroremque
713 1138 878 1184 hostibus
899 1138 1027 1185 illum!
1046 1141 1064 1196 )

59 1208 237 1256 Disciffos
262 1210 368 1255 nudis
389 1210 569 1256 laniabant
588 1209 759 1255 dentibus
779 1225 887 1255 attus.

60 1282 158 1327 Ecce
178 1296 300 1327 autern
319 1281 414 1327 duro
434 1279 576 1327 fumans
595 1280 660 1327 sub
678 1299 835 1326 vomere
855 1297 976 1327 taurus

60 1352 242 1398 Concidit
263 1388 277 1407 .,
305 1352 345 1399 &
362 1352 517 1399 mixtum
538 1352 675 1416 spumis
695 1352 818 1399 vomit
838 1371 906 1399 ore
927 1371 1098 1399 cruorem
1118 1363 1131 1406 .,’

57 1425 330 1489 Extremosque
350 1424 425 1471 ciet
445 1425 617 1489 gemitus.
649 1429 679 1471 It
696 1425 804 1471 tristis
821 1442 943 1472 arator
958 1461 971 1480 ‚

55 1502 289 1547 Moerentem
312 1501 519 1564 abiungens
540 1498 699 1545 fraterna
718 1514 840 1545 morte
866 1499 1096 1562 juvencum3

55 1577 182 1638 Atque
208 1592 326 1639 opere
347 1574 383 1620 in
400 1572 529 1619 medio
554 1572 675 1619 defixa
702 1572 883 1637 relinquit
909 1589 1036 1619 aratra.

56 1650 147 1694 Non
165 1648 306 1693 umbrae
323 1647 482 1694 altorum
500 1664 697 1693 nemorum
716 1682 729 1700 ,
755 1666 832 1693 non
852 1645 984 1692 mollia
1003 1647 1154 1710 poffunt

57 1724 161 1766 Prata
181 1737 337 1766 movere
357 1719 519 1765 animum
533 1755 546 1774 ,
565 1738 643 1766 non
658 1755 670 1773 ‚
694 1720 757 1783 qui
776 1737 845 1783 per
865 1718 945 1764 saxa
963 1718 1118 1764 volutus

57 1793 191 1839 Purior
212 1793 354 1838 eleffio
376 1810 546 1855 campum
569 1791 664 1855 petit
681 1790 797 1837 amnis
816 1813 824 1836 :
845 1806 880 1837 at
898 1791 969 1838 ima

57 1865 265 1911 Solvuntur
283 1864 399 1909 latera
415 1899 427 1917 ‚
452 1881 564 1926 atque
583 1864 717 1909 oculos
736 1864 865 1926 stupor
880 1880 992 1928 urget
1012 1863 1139 1910 inertis
1155 1898 1169 1918 ‚

56 1937 118 1984 Ad
136 1953 345 2001 terramque
362 1936 445 1985 fluit
462 1937 612 1983 devexo
635 1936 808 2000 pondere
827 1936 966 1982 cerviX.

57 2011 165 2071 Quid
183 2011 290 2058 labor
303 2047 315 2066 ‚
333 2027 394 2057 aut
412 2011 602 2057 benefacta
623 2011 778 2073 juvant?
798 2009 888 2073 quid
904 2027 1062 2056 vomere
1081 2025 1193 2056 terras

55 2085 245 2132 Invertiffe
265 2085 384 2149 gravis
405 2092 419 2130 ?
443 2083 542 2148 atqui
568 2102 646 2130 non
664 2083 814 2129 Maffica
832 2083 966 2129 Bacchi

55 2159 220 2203 Munera
236 2192 249 2211 ‚
275 2176 354 2204 non
373 2156 444 2202 illis
465 2156 586 2221 epulae
608 2175 773 2203 nocuere
794 2156 954 2220 repostae
974 2176 983 2200 :

55 2232 264 2279 Frondibus
283 2231 323 2279 &
340 2232 439 2279 viElu
462 2231 657 2296 pascuntur
675 2231 849 2296 simplicis
868 2230 1006 2277 herbae.

53 2304 195 2352 Pocula
211 2304 293 2351 sunt
308 2303 433 2351 fontes
450 2303 609 2368 liquidi,
629 2319 740 2367 atque
758 2301 918 2350 exercita
934 2302 1040 2349 cursu

55 2378 224 2425 Flumina
240 2413 252 2432 ‚
281 2396 351 2423 nec
375 2377 525 2425 somnos
547 2376 733 2441 abrumpit
750 2394 835 2421 cura
855 2374 1028 2422 salubres.

59 2453 250 2515 Tempore
268 2468 346 2497 non
365 2449 441 2498 alio
463 2450 589 2497 dicunt
606 2448 824 2514 regionibus
844 2447 917 2495 illis

1264 163 1355 212 107

1267 569 1357 618 505

1270 933 1358 975 510

1269 1301 1351 1343 515

1268 1665 1357 1709 520

1265 2025 1356 2074 5251

1262 2394 1350 2437 53&
