1715 3028
346 162 437 221 368
683 159 1309 205 12.V1RGJLJJ

342 268 403 313 Ad
422 267 556 313 volnus
577 266 671 311 tulit.
694 268 798 328 Ergo
821 264 886 311 alis
905 265 1042 330 allapsa
1065 265 1194 329 sagitta
1211 303 1223 321 ‚

340 343 390 386 Et
414 342 512 386 laevo
533 340 640 385 affixa
660 340 711 385 est
729 340 834 385 lateri
852 358 977 386 manus
997 376 1009 395 ‚
1033 340 1234 404 abditaque
1256 342 1354 388 intus

340 417 573 480 Spitamenta
595 415 728 460 animae
748 414 849 460 letali
877 416 1036 461 volnere
1057 415 1206 479 rumpit.

341 488 466 533 Stabat
483 486 520 531 in
541 486 704 550 egregiis
724 488 895 533 Arcentis
913 487 1008 533 filius
1028 487 1135 534 armis
1154 509 1165 541 3

341 559 462 605 Pielus
480 578 546 606 acu
564 560 797 623 chlamydem
815 597 826 614 ,
846 561 886 608 &
905 561 1097 625 ferrugine
1116 563 1233 608 clarus
1251 560 1388 607 Hibera
1405 596 1418 616 ‚

338 633 493 697 lnfignis
512 633 607 679 facie
624 669 635 686 ,
654 633 806 697 genitor
824 652 934 697 quem
953 635 1099 681 miserat
1121 639 1259 691 Arcens
1274 671 1287 689 ,

340 708 520 753 Εάιιᾶῃῐῐι
536 707 667 752 Martis
685 707 773 753 luco
789 744 801 762 ,
821 708 1017 771 Symaethia
1036 709 1172 754 circum

339 780 532 826 Flumina:
555 778 704 843 pinguis
731 780 793 825 ubi
812 779 852 827 &
870 781 1060 843 platabilis
1080 801 1138 827 ara
1159 782 1282 828 Palici.

343 854 570 900 Stridentem
590 854 741 900 fundam
763 890 773 908 ‚
801 854 928 918 pofitis
949 856 1161 901 Mezentius
1183 856 1288 902 hastis
1308 892 1321 910 ‚

338 927 422 990 lpse
445 946 501 973 ter
517 928 672 973 adduaa
694 927 832 973 circum
854 943 965 991 caput
984 927 1061 990 egit
1081 928 1249 982 habena3

341 1003 388 1046 Et
409 1001 529 1048 media
553 1000 694 1047 adversi
716 1000 919 1064 liquefa&o
945 1016 1117 1065 tempora
1141 1002 1298 1065 plumbo

342 1073 515 1127 Diffidit⁷
533 1093 574 1119 ac
594 1075 707 1119 multa
728 1075 944 1137 porreetum
965 1075 1134 1121 extendit
1156 1094 1277 1120 arena.

339 1152 437 1194 Tum
465 1148 624 1212 primum
643 1149 748 1194 bello
776 1149 938 1195 celerem
961 1148 1156 1195 intendiffe
1178 1148 1344 1212 sagittam

338 1221 487 1266 Dicitur
501 1257 513 1274 ,
536 1237 622 1267 ante
637 1221 734 1267 feras
755 1221 886 1269 solitus
907 1238 1047 1269 terrere
1067 1222 1217 1286 fugaces
1236 1257 1248 1275 ‚

338 1296 519 1342 Ascanius
535 1332 547 1350 .,
567 1296 782 1360 fortemque
801 1315 910 1342 manu
929 1296 1060 1342 fudiffe
1080 1299 1319 1348 Numanum

338 1371 412 1416 Cui
431 1371 592 1417 Remulo
615 1388 831 1434 cognomen
851 1388 952 1424 erar,
969 1370 1162 1432 Turnique
1184 1368 1370 1415 minorem

334 1448 560 1491 Germanam
583 1463 703 1508 nuper
726 1445 891 1491 thalamo
913 1444 1073 1490 sociatus
1091 1443 1259 1488 habebat.

336 1522 369 1563 Is
388 1517 542 1580 primam
563 1533 650 1563 ante
670 1517 788 1562 aciem
808 1518 919 1580 digna
935 1532 1045 1578 atque
1068 1515 1218 1577 indigna
1236 1514 1352 1559 relatu

272 1609 274 1614 ·
332 1590 557 1636 Vociferans
574 1626 585 1642 ,
605 1589 843 1652 tumidusque
864 1608 968 1635 novo
995 1586 1203 1651 praecordia
1221 1603 1342 1649 regno

335 1663 414 1708 Ibat
431 1697 443 1715 ,
463 1663 503 1709 ἃ
521 1663 712 1726 ingentem
733 1662 811 1708 sese
831 1662 996 1707 clamore
1015 1659 1158 1705 ferebat
1178 1681 1186 1704 :

333 1738 425 1782 Non
446 1737 562 1799 pudet
582 1735 778 1782 obsidione
795 1733 930 1782 iterum
952 1735 1131 1798 valloque
1153 1733 1274 1780 teneri
1289 1769 1301 1786 .,

335 1809 393 1854 Bis
414 1810 511 1874 capti
527 1811 694 1874 Phryges
714 1847 725 1864 ,
745 1811 784 1857 ὅ(
804 1810 919 1857 Marti
940 1810 1178 1875 praetendere
1199 1814 1352 1854 muros?

334 1885 391 1928 En
411 1920 423 1938 ‚
444 1882 508 1946 qui
528 1883 647 1930 nostra
664 1883 729 1930 fibi
748 1884 852 1930 bello
871 1882 1032 1930 conubia
1050 1882 1210 1947 poscunt
1229 1887 1238 1924 l

332 1955 428 2014 Quis
447 1959 549 2002 Deus
566 1956 705 2002 Italiam
718 1992 730 2010 7
750 1975 834 2019 quae
853 1975 923 2002 vos
942 1955 1127 2002 dementia
1148 1953 1294 2017 adegit?

331 2029 423 2073 Non
443 2026 504 2072 hic
523 2027 662 2073 Atridae
675 2065 687 2083 ,
707 2046 775 2073 nec
793 2027 895 2073 fandi
916 2027 1024 2073 ξιᾶοῑ
1044 2027 1183 2074 Ulixes.

330 2103 473 2145 Durum
492 2100 538 2145 ab
555 2100 666 2163 stirpe
690 2119 804 2164 genus
820 2136 832 2154 ‚
852 2116 957 2146 natos
974 2101 1020 2146 ad
1039 2100 1189 2146 flumina
1210 2099 1366 2162 primum

335 2173 546 2219 Deferimus
562 2209 574 2227 ‚
593 2174 772 2237 saevoque
793 2175 881 2238 gelu
900 2175 1069 2220 duramus
1091 2174 1130 2220 ἃ
1147 2173 1255 2219 undis
1275 2195 1283 2217 :

335 2250 480 2293 Venatu
498 2246 702 2311 invigilant
726 2247 832 2312 pueri
849 2285 861 2303 ‚
885 2247 1067 2311 filvasque
1087 2247 1262 2310 fatigant:

332 2321 499 2367 Flefilere
518 2322 625 2367 ludus
652 2339 773 2385 equos
790 2358 803 2376 ,
820 2322 861 2369 ὅ(
881 2322 1021 2386 spicula
1041 2320 1194 2367 tendere
1220 2337 1350 2365 cornu.

334 2397 383 2439 At
400 2395 544 2457 patiens
570 2414 728 2459 operum
749 2413 945 2459 parvoque
966 2395 1098 2440 affueta
1125 2395 1296 2456 juventus

331 2469 408 2512 Aut
426 2467 541 2513 rastris
560 2483 692 2515 terram
711 2468 838 2515 domat
851 2503 864 2523 ‚
883 2483 945 2513 aut
965 2464 1081 2531 quatit
1102 2465 1241 2530 oppida
1262 2464 1377 2512 bello.

1554 423 1640 476 580

1555 787 1637 841 585

1551 1164 1638 1225 5⁹0

1547 1530 1628 1574 595

1537 1887 1629 1926 600

1683 2846 1705 3028 *effi-‚Qssssv
1696 2824 1697 2827 Α
