<?xml version="1.0" encoding="UTF-8"?>
<!DOCTYPE html PUBLIC "-//W3C//DTD XHTML 1.0 Transitional//EN"
    "http://www.w3.org/TR/xhtml1/DTD/xhtml1-transitional.dtd">
<html xmlns="http://www.w3.org/1999/xhtml" xml:lang="en" lang="en">
 <head>
  <title>
</title>
<meta http-equiv="Content-Type" content="text/html;charset=utf-8" />
  <meta name='ocr-system' content='tesseract 3.04.00' />
  <meta name='ocr-capabilities' content='ocr_page ocr_carea ocr_par ocr_line ocrx_word'/>
</head>
<body>
  <div class='ocr_page' id='page_1' title='image "./pvirgiliimaronis001virg_0240.png"; bbox 0 0 1715 3028; ppageno 0'>
   <div class='ocr_carea' id='block_1_1' title="bbox 328 168 419 217">
    <p class='ocr_par' dir='ltr' id='par_1_1' title="bbox 328 168 419 217">
     <span class='ocr_line' id='line_1_1' title="bbox 328 168 419 217; baseline -0.011 -1"><span class='ocrx_word' id='word_1_1' title='bbox 328 168 419 217; x_wconf 80' lang='lat'>234</span> 
     </span>
    </p>
   </div>
   <div class='ocr_carea' id='block_1_2' title="bbox 480 349 1460 408">
    <p class='ocr_par' dir='ltr' id='par_1_2' title="bbox 480 349 1460 408">
     <span class='ocr_line' id='line_1_2' title="bbox 480 349 1460 408; baseline 0 -1"><span class='ocrx_word' id='word_1_2' title='bbox 480 351 541 407; x_wconf 91' lang='lat' dir='ltr'>P.</span> <span class='ocrx_word' id='word_1_3' title='bbox 595 349 975 407; x_wconf 90' lang='lat' dir='ltr'>VIRGILII</span> <span class='ocrx_word' id='word_1_4' title='bbox 1053 349 1460 408; x_wconf 88' lang='lat' dir='ltr'><strong>MARONIS</strong></span> 
     </span>
    </p>
   </div>
   <div class='ocr_carea' id='block_1_3' title="bbox 325 495 1695 618">
    <p class='ocr_par' dir='ltr' id='par_1_3' title="bbox 325 495 1695 618">
     <span class='ocr_line' id='line_1_3' title="bbox 325 495 1695 618; baseline -0.003 -3"><span class='ocrx_word' id='word_1_5' title='bbox 325 495 1695 618; x_wconf 78' lang='lat' dir='ltr'><strong>AENEIDOS.</strong></span> 
     </span>
    </p>
   </div>
   <div class='ocr_carea' id='block_1_4' title="bbox 574 979 1355 1022">
    <p class='ocr_par' dir='ltr' id='par_1_4' title="bbox 574 979 1355 1022">
     <span class='ocr_line' id='line_1_4' title="bbox 574 979 1355 1022; baseline 0.003 -2"><span class='ocrx_word' id='word_1_6' title='bbox 574 979 1355 1022; x_wconf 87' lang='lat' dir='ltr'><strong>ARGUMENTUM.</strong></span> 
     </span>
    </p>
   </div>
   <div class='ocr_carea' id='block_1_5' title="bbox 321 1097 1707 2531">
    <p class='ocr_par' dir='ltr' id='par_1_5' title="bbox 321 1097 1711 2531">
     <span class='ocr_line' id='line_1_5' title="bbox 321 1097 1620 1156; baseline 0.005 -18"><span class='ocrx_word' id='word_1_7' title='bbox 321 1098 462 1138; x_wconf 60' lang='lat' dir='ltr'>‘AEneas</span> <span class='ocrx_word' id='word_1_8' title='bbox 474 1128 486 1145; x_wconf 88' lang='lat'>,</span> <span class='ocrx_word' id='word_1_9' title='bbox 506 1098 628 1137; x_wconf 61' lang='lat' dir='ltr'>relicta</span> <span class='ocrx_word' id='word_1_10' title='bbox 643 1097 872 1153; x_wconf 80' lang='lat' dir='ltr'>Carthagine</span> <span class='ocrx_word' id='word_1_11' title='bbox 895 1100 933 1137; x_wconf 87' lang='lat' dir='ltr'>in</span> <span class='ocrx_word' id='word_1_12' title='bbox 955 1099 1099 1139; x_wconf 85' lang='lat' dir='ltr'>Italiam</span> <span class='ocrx_word' id='word_1_13' title='bbox 1115 1101 1294 1154; x_wconf 86' lang='lat' dir='ltr'>navigans</span> <span class='ocrx_word' id='word_1_14' title='bbox 1305 1131 1320 1147; x_wconf 77' lang='lat'><strong><em>,</em></strong></span> <span class='ocrx_word' id='word_1_15' title='bbox 1334 1102 1372 1140; x_wconf 85' lang='lat' dir='ltr'>vi</span> <span class='ocrx_word' id='word_1_16' title='bbox 1395 1102 1620 1156; x_wconf 86' lang='lat' dir='ltr'>tempestatis</span> 
     </span>
     <span class='ocr_line' id='line_1_6' title="bbox 377 1159 1622 1216; baseline 0.005 -18"><span class='ocrx_word' id='word_1_17' title='bbox 377 1162 414 1198; x_wconf 87' lang='lat' dir='ltr'>in</span> <span class='ocrx_word' id='word_1_18' title='bbox 436 1159 596 1199; x_wconf 80' lang='lat' dir='ltr'>Siciliam</span> <span class='ocrx_word' id='word_1_19' title='bbox 619 1160 801 1200; x_wconf 79' lang='lat' dir='ltr'>defertur:</span> <span class='ocrx_word' id='word_1_20' title='bbox 819 1161 881 1199; x_wconf 88' lang='lat' dir='ltr'>ubi</span> <span class='ocrx_word' id='word_1_21' title='bbox 907 1162 955 1199; x_wconf 86' lang='lat' dir='ltr'>ab</span> <span class='ocrx_word' id='word_1_22' title='bbox 978 1161 1112 1201; x_wconf 90' lang='lat' dir='ltr'>Aceste</span> <span class='ocrx_word' id='word_1_23' title='bbox 1140 1162 1304 1216; x_wconf 83' lang='lat' dir='ltr'>benigne</span> <span class='ocrx_word' id='word_1_24' title='bbox 1319 1173 1516 1215; x_wconf 81' lang='lat' dir='ltr'>exceptus,</span> <span class='ocrx_word' id='word_1_25' title='bbox 1533 1180 1622 1204; x_wconf 78' lang='lat' dir='ltr'>ina-</span> 
     </span>
     <span class='ocr_line' id='line_1_7' title="bbox 376 1224 1622 1281; baseline 0.004 -18"><span class='ocrx_word' id='word_1_26' title='bbox 376 1226 484 1263; x_wconf 75' lang='lat' dir='ltr'>nibus</span> <span class='ocrx_word' id='word_1_27' title='bbox 501 1224 684 1264; x_wconf 79' lang='lat' dir='ltr'>Anchisae</span> <span class='ocrx_word' id='word_1_28' title='bbox 701 1227 813 1278; x_wconf 86' lang='lat' dir='ltr'>patris</span> <span class='ocrx_word' id='word_1_29' title='bbox 827 1257 840 1272; x_wconf 90' lang='lat'><strong><em>,</em></strong></span> <span class='ocrx_word' id='word_1_30' title='bbox 858 1240 967 1279; x_wconf 88' lang='lat' dir='ltr'>quem</span> <span class='ocrx_word' id='word_1_31' title='bbox 984 1226 1160 1278; x_wconf 78' lang='lat' dir='ltr'>superiori</span> <span class='ocrx_word' id='word_1_32' title='bbox 1177 1242 1275 1266; x_wconf 87' lang='lat' dir='ltr'>anno</span> <span class='ocrx_word' id='word_1_33' title='bbox 1295 1228 1428 1267; x_wconf 87' lang='lat' dir='ltr'>eodem</span> <span class='ocrx_word' id='word_1_34' title='bbox 1444 1228 1503 1268; x_wconf 91' lang='lat' dir='ltr'>die</span> <span class='ocrx_word' id='word_1_35' title='bbox 1519 1229 1622 1281; x_wconf 88' lang='lat' dir='ltr'>apud</span> 
     </span>
     <span class='ocr_line' id='line_1_8' title="bbox 377 1286 1621 1339; baseline 0.004 -15"><span class='ocrx_word' id='word_1_36' title='bbox 377 1286 603 1338; x_wconf 77' lang='lat' dir='ltr'>Drepanum</span> <span class='ocrx_word' id='word_1_37' title='bbox 627 1286 847 1339; x_wconf 76' lang='lat' dir='ltr'>sepeliverat</span> <span class='ocrx_word' id='word_1_38' title='bbox 861 1320 875 1337; x_wconf 83' lang='lat'><strong>‚</strong></span> <span class='ocrx_word' id='word_1_39' title='bbox 896 1288 1182 1328; x_wconf 84' lang='lat' dir='ltr'>anniversarium</span> <span class='ocrx_word' id='word_1_40' title='bbox 1205 1289 1346 1329; x_wconf 88' lang='lat' dir='ltr'>sacrum</span> <span class='ocrx_word' id='word_1_41' title='bbox 1368 1289 1477 1338; x_wconf 87' lang='lat' dir='ltr'>facit,</span> <span class='ocrx_word' id='word_1_42' title='bbox 1492 1290 1621 1330; x_wconf 89' lang='lat' dir='ltr'>ludos-</span> 
     </span>
     <span class='ocr_line' id='line_1_9' title="bbox 374 1350 1626 1405; baseline 0.003 -17"><span class='ocrx_word' id='word_1_43' title='bbox 374 1364 446 1403; x_wconf 87' lang='lat' dir='ltr'>que</span> <span class='ocrx_word' id='word_1_44' title='bbox 467 1350 567 1402; x_wconf 87' lang='lat' dir='ltr'>apud</span> <span class='ocrx_word' id='word_1_45' title='bbox 584 1350 764 1390; x_wconf 75' lang='lat' dir='ltr'>tumulum</span> <span class='ocrx_word' id='word_1_46' title='bbox 781 1351 861 1402; x_wconf 87' lang='lat' dir='ltr'>ejus</span> <span class='ocrx_word' id='word_1_47' title='bbox 882 1351 1035 1391; x_wconf 87' lang='lat' dir='ltr'>instituit</span> <span class='ocrx_word' id='word_1_48' title='bbox 1052 1367 1060 1390; x_wconf 89' lang='lat'>:</span> <span class='ocrx_word' id='word_1_49' title='bbox 1079 1351 1213 1405; x_wconf 86' lang='lat' dir='ltr'>suaque</span> <span class='ocrx_word' id='word_1_50' title='bbox 1229 1352 1430 1393; x_wconf 67' lang='lat' dir='ltr'>vi&amp;0ribus</span> <span class='ocrx_word' id='word_1_51' title='bbox 1444 1354 1626 1404; x_wconf 76' lang='lat' dir='ltr'>praemia·</span> 
     </span>
     <span class='ocr_line' id='line_1_10' title="bbox 378 1412 1622 1467; baseline 0.002 -16"><span class='ocrx_word' id='word_1_52' title='bbox 378 1413 553 1452; x_wconf 86' lang='lat' dir='ltr'>decernit.</span> <span class='ocrx_word' id='word_1_53' title='bbox 577 1412 714 1452; x_wconf 82' lang='lat' dir='ltr'>Navali</span> <span class='ocrx_word' id='word_1_54' title='bbox 738 1415 934 1453; x_wconf 83' lang='lat' dir='ltr'>certamine</span> <span class='ocrx_word' id='word_1_55' title='bbox 959 1416 1075 1453; x_wconf 90' lang='lat' dir='ltr'>vincit</span> <span class='ocrx_word' id='word_1_56' title='bbox 1098 1414 1315 1455; x_wconf 82' lang='lat' dir='ltr'>Cloanthus.</span> <span class='ocrx_word' id='word_1_57' title='bbox 1342 1414 1522 1467; x_wconf 84' lang='lat' dir='ltr'>Euryalus</span> <span class='ocrx_word' id='word_1_58' title='bbox 1538 1413 1622 1453; x_wconf 84' lang='lat' dir='ltr'>Nifi</span> 
     </span>
     <span class='ocr_line' id='line_1_11' title="bbox 378 1474 1620 1529; baseline -0.001 -14"><span class='ocrx_word' id='word_1_59' title='bbox 378 1476 468 1515; x_wconf 89' lang='lat' dir='ltr'>dolo</span> <span class='ocrx_word' id='word_1_60' title='bbox 489 1476 592 1514; x_wconf 81' lang='lat' dir='ltr'>cursu</span> <span class='ocrx_word' id='word_1_61' title='bbox 611 1476 764 1529; x_wconf 81' lang='lat' dir='ltr'>superat.</span> <span class='ocrx_word' id='word_1_62' title='bbox 782 1476 940 1515; x_wconf 86' lang='lat' dir='ltr'>Entellus</span> <span class='ocrx_word' id='word_1_63' title='bbox 956 1476 1063 1515; x_wconf 83' lang='lat' dir='ltr'>senex</span> <span class='ocrx_word' id='word_1_64' title='bbox 1076 1477 1256 1517; x_wconf 86' lang='lat' dir='ltr'>Daretem</span> <span class='ocrx_word' id='word_1_65' title='bbox 1271 1476 1479 1529; x_wconf 83' lang='lat' dir='ltr'>juveniliter</span> <span class='ocrx_word' id='word_1_66' title='bbox 1492 1475 1527 1514; x_wconf 89' lang='lat' dir='ltr'>se</span> <span class='ocrx_word' id='word_1_67' title='bbox 1542 1474 1620 1527; x_wconf 79' lang='lat' dir='ltr'>jac-</span> 
     </span>
     <span class='ocr_line' id='line_1_12' title="bbox 376 1536 1618 1591; baseline 0.001 -16"><span class='ocrx_word' id='word_1_68' title='bbox 376 1546 517 1575; x_wconf 82' lang='lat' dir='ltr'>tantem</span> <span class='ocrx_word' id='word_1_69' title='bbox 544 1536 664 1576; x_wconf 86' lang='lat' dir='ltr'>caestu</span> <span class='ocrx_word' id='word_1_70' title='bbox 686 1538 812 1576; x_wconf 87' lang='lat' dir='ltr'>vincit.</span> <span class='ocrx_word' id='word_1_71' title='bbox 848 1536 1051 1591; x_wconf 84' lang='lat' dir='ltr'>Sagittandi</span> <span class='ocrx_word' id='word_1_72' title='bbox 1079 1539 1209 1590; x_wconf 85' lang='lat' dir='ltr'>peritia</span> <span class='ocrx_word' id='word_1_73' title='bbox 1235 1536 1379 1590; x_wconf 88' lang='lat' dir='ltr'>superat</span> <span class='ocrx_word' id='word_1_74' title='bbox 1405 1536 1618 1590; x_wconf 82' lang='lat' dir='ltr'>Eurytion:</span> 
     </span>
     <span class='ocr_line' id='line_1_13' title="bbox 378 1599 1618 1653; baseline 0.004 -19"><span class='ocrx_word' id='word_1_75' title='bbox 378 1599 500 1649; x_wconf 84' lang='lat' dir='ltr'>prima</span> <span class='ocrx_word' id='word_1_76' title='bbox 513 1609 639 1637; x_wconf 84' lang='lat' dir='ltr'>tamen</span> <span class='ocrx_word' id='word_1_77' title='bbox 656 1599 818 1649; x_wconf 86' lang='lat' dir='ltr'>praemia</span> <span class='ocrx_word' id='word_1_78' title='bbox 836 1628 849 1645; x_wconf 93' lang='lat'>,</span> <span class='ocrx_word' id='word_1_79' title='bbox 873 1599 1001 1637; x_wconf 84' lang='lat' dir='ltr'>aetatis</span> <span class='ocrx_word' id='word_1_80' title='bbox 1025 1599 1280 1653; x_wconf 75' lang='lat' dir='ltr'>dignitatisque</span> <span class='ocrx_word' id='word_1_81' title='bbox 1305 1599 1432 1638; x_wconf 77' lang='lat' dir='ltr'>habita</span> <span class='ocrx_word' id='word_1_82' title='bbox 1446 1600 1588 1639; x_wconf 82' lang='lat' dir='ltr'>ratione</span> <span class='ocrx_word' id='word_1_83' title='bbox 1603 1630 1618 1646; x_wconf 93' lang='lat'>‚</span> 
     </span>
     <span class='ocr_line' id='line_1_14' title="bbox 378 1658 1621 1714; baseline 0.003 -16"><span class='ocrx_word' id='word_1_84' title='bbox 378 1658 536 1698; x_wconf 79' lang='lat' dir='ltr'>Acestae</span> <span class='ocrx_word' id='word_1_85' title='bbox 559 1659 802 1699; x_wconf 84' lang='lat' dir='ltr'>decernuntur</span> <span class='ocrx_word' id='word_1_86' title='bbox 817 1691 830 1707; x_wconf 88' lang='lat'><em>,</em></span> <span class='ocrx_word' id='word_1_87' title='bbox 857 1659 959 1713; x_wconf 74' lang='lat' dir='ltr'>cujus</span> <span class='ocrx_word' id='word_1_88' title='bbox 986 1660 1114 1714; x_wconf 80' lang='lat' dir='ltr'>sagitta</span> <span class='ocrx_word' id='word_1_89' title='bbox 1142 1663 1177 1701; x_wconf 87' lang='lat' dir='ltr'>in</span> <span class='ocrx_word' id='word_1_90' title='bbox 1199 1676 1323 1700; x_wconf 85' lang='lat' dir='ltr'>aerem</span> <span class='ocrx_word' id='word_1_91' title='bbox 1351 1659 1477 1701; x_wconf 80' lang='lat' dir='ltr'>emiffa</span> <span class='ocrx_word' id='word_1_92' title='bbox 1501 1660 1621 1702; x_wconf 82' lang='lat' dir='ltr'>subito</span> 
     </span>
     <span class='ocr_line' id='line_1_15' title="bbox 379 1721 1622 1777; baseline 0.002 -14"><span class='ocrx_word' id='word_1_93' title='bbox 379 1721 574 1767; x_wconf 71' lang='lat' dir='ltr'>exarserat,</span> <span class='ocrx_word' id='word_1_94' title='bbox 599 1721 778 1765; x_wconf 86' lang='lat' dir='ltr'>Ascanius</span> <span class='ocrx_word' id='word_1_95' title='bbox 801 1724 838 1761; x_wconf 90' lang='lat' dir='ltr'>in</span> <span class='ocrx_word' id='word_1_96' title='bbox 857 1723 1039 1763; x_wconf 87' lang='lat' dir='ltr'>honorem</span> <span class='ocrx_word' id='word_1_97' title='bbox 1056 1723 1239 1763; x_wconf 82' lang='lat' dir='ltr'>Anchisae</span> <span class='ocrx_word' id='word_1_98' title='bbox 1263 1726 1350 1770; x_wconf 85' lang='lat' dir='ltr'>avi,</span> <span class='ocrx_word' id='word_1_99' title='bbox 1367 1738 1452 1763; x_wconf 86' lang='lat' dir='ltr'>curn</span> <span class='ocrx_word' id='word_1_100' title='bbox 1479 1725 1622 1777; x_wconf 83' lang='lat' dir='ltr'>primae</span> 
     </span>
     <span class='ocr_line' id='line_1_16' title="bbox 378 1784 1621 1840; baseline 0.001 -16"><span class='ocrx_word' id='word_1_101' title='bbox 378 1785 578 1824; x_wconf 78' lang='lat' dir='ltr'>nobilitatis</span> <span class='ocrx_word' id='word_1_102' title='bbox 611 1786 730 1837; x_wconf 76' lang='lat' dir='ltr'>puerIS</span> <span class='ocrx_word' id='word_1_103' title='bbox 758 1784 942 1837; x_wconf 85' lang='lat' dir='ltr'>equestres</span> <span class='ocrx_word' id='word_1_104' title='bbox 968 1786 1073 1824; x_wconf 91' lang='lat' dir='ltr'>ludos</span> <span class='ocrx_word' id='word_1_105' title='bbox 1102 1798 1340 1839; x_wconf 78' lang='lat' dir='ltr'>pugnamque</span> <span class='ocrx_word' id='word_1_106' title='bbox 1367 1786 1621 1840; x_wconf 82' lang='lat' dir='ltr'>imaginariam</span> 
     </span>
     <span class='ocr_line' id='line_1_17' title="bbox 381 1847 1622 1906; baseline 0.004 -20"><span class='ocrx_word' id='word_1_107' title='bbox 381 1847 541 1887; x_wconf 87' lang='lat' dir='ltr'>exhibet.</span> <span class='ocrx_word' id='word_1_108' title='bbox 569 1847 711 1887; x_wconf 84' lang='lat' dir='ltr'>Interea</span> <span class='ocrx_word' id='word_1_109' title='bbox 726 1847 913 1902; x_wconf 79' lang='lat' dir='ltr'>Trojanae</span> <span class='ocrx_word' id='word_1_110' title='bbox 933 1850 1103 1889; x_wconf 88' lang='lat' dir='ltr'>mulieres</span> <span class='ocrx_word' id='word_1_111' title='bbox 1118 1850 1264 1888; x_wconf 87' lang='lat' dir='ltr'>hortatu</span> <span class='ocrx_word' id='word_1_112' title='bbox 1277 1849 1400 1898; x_wconf 87' lang='lat' dir='ltr'>Iridis,</span> <span class='ocrx_word' id='word_1_113' title='bbox 1416 1850 1622 1906; x_wconf 84' lang='lat' dir='ltr'>longaeque</span> 
     </span>
     <span class='ocr_line' id='line_1_18' title="bbox 381 1909 1622 1966; baseline 0.005 -18"><span class='ocrx_word' id='word_1_114' title='bbox 381 1911 629 1965; x_wconf 83' lang='lat' dir='ltr'>navigationis</span> <span class='ocrx_word' id='word_1_115' title='bbox 653 1909 778 1949; x_wconf 89' lang='lat' dir='ltr'>taedio</span> <span class='ocrx_word' id='word_1_116' title='bbox 795 1941 808 1957; x_wconf 88' lang='lat'>‚</span> <span class='ocrx_word' id='word_1_117' title='bbox 827 1912 948 1964; x_wconf 83' lang='lat' dir='ltr'>ignem</span> <span class='ocrx_word' id='word_1_118' title='bbox 969 1911 1007 1948; x_wconf 89' lang='lat' dir='ltr'>in</span> <span class='ocrx_word' id='word_1_119' title='bbox 1027 1910 1171 1960; x_wconf 68' lang='lat' dir='ltr'>classem</span> <span class='ocrx_word' id='word_1_120' title='bbox 1194 1910 1396 1964; x_wconf 78' lang='lat' dir='ltr'>conjiciunt</span> <span class='ocrx_word' id='word_1_121' title='bbox 1411 1943 1424 1959; x_wconf 85' lang='lat'>‚</span> <span class='ocrx_word' id='word_1_122' title='bbox 1445 1925 1622 1966; x_wconf 87' lang='lat' dir='ltr'>quatuor-</span> 
     </span>
     <span class='ocr_line' id='line_1_19' title="bbox 380 1972 1623 2028; baseline 0.001 -16"><span class='ocrx_word' id='word_1_123' title='bbox 380 1989 452 2028; x_wconf 85' lang='lat' dir='ltr'>que</span> <span class='ocrx_word' id='word_1_124' title='bbox 466 1988 581 2013; x_wconf 82' lang='lat' dir='ltr'>naves</span> <span class='ocrx_word' id='word_1_125' title='bbox 599 1984 776 2014; x_wconf 84' lang='lat' dir='ltr'>exurunt:</span> <span class='ocrx_word' id='word_1_126' title='bbox 797 1982 937 2012; x_wconf 85' lang='lat' dir='ltr'>ceterae</span> <span class='ocrx_word' id='word_1_127' title='bbox 954 1972 1066 2011; x_wconf 84' lang='lat' dir='ltr'>subita</span> <span class='ocrx_word' id='word_1_128' title='bbox 1088 1987 1108 2011; x_wconf 90' lang='lat' dir='ltr'>a</span> <span class='ocrx_word' id='word_1_129' title='bbox 1130 1973 1224 2025; x_wconf 84' lang='lat' dir='ltr'>Jove</span> <span class='ocrx_word' id='word_1_130' title='bbox 1244 1972 1402 2012; x_wconf 85' lang='lat' dir='ltr'>immissa</span> <span class='ocrx_word' id='word_1_131' title='bbox 1422 1975 1550 2027; x_wconf 65' lang='lat' dir='ltr'>pluvia</span> <span class='ocrx_word' id='word_1_132' title='bbox 1566 1975 1623 2014; x_wconf 85' lang='lat' dir='ltr'>in-</span> 
     </span>
     <span class='ocr_line' id='line_1_20' title="bbox 383 2034 1620 2089; baseline 0 -14"><span class='ocrx_word' id='word_1_133' title='bbox 383 2037 515 2076; x_wconf 87' lang='lat' dir='ltr'>cendio</span> <span class='ocrx_word' id='word_1_134' title='bbox 528 2036 607 2075; x_wconf 86' lang='lat' dir='ltr'>sunt</span> <span class='ocrx_word' id='word_1_135' title='bbox 621 2049 780 2089; x_wconf 78' lang='lat' dir='ltr'>ereptae.</span> <span class='ocrx_word' id='word_1_136' title='bbox 815 2035 937 2074; x_wconf 58' lang='lat' dir='ltr'>Nocte</span> <span class='ocrx_word' id='word_1_137' title='bbox 957 2035 1116 2089; x_wconf 87' lang='lat' dir='ltr'>sequenti</span> <span class='ocrx_word' id='word_1_138' title='bbox 1133 2034 1312 2075; x_wconf 88' lang='lat' dir='ltr'>Anchises</span> <span class='ocrx_word' id='word_1_139' title='bbox 1328 2036 1466 2075; x_wconf 86' lang='lat' dir='ltr'>AEneae</span> <span class='ocrx_word' id='word_1_140' title='bbox 1482 2035 1559 2075; x_wconf 87' lang='lat' dir='ltr'>filio</span> <span class='ocrx_word' id='word_1_141' title='bbox 1582 2037 1620 2076; x_wconf 85' lang='lat' dir='ltr'>in</span> 
     </span>
     <span class='ocr_line' id='line_1_21' title="bbox 384 2097 1618 2151; baseline -0.001 -13"><span class='ocrx_word' id='word_1_142' title='bbox 384 2099 520 2138; x_wconf 78' lang='lat' dir='ltr'>somnis</span> <span class='ocrx_word' id='word_1_143' title='bbox 534 2112 712 2151; x_wconf 82' lang='lat' dir='ltr'>apparens</span> <span class='ocrx_word' id='word_1_144' title='bbox 723 2129 735 2144; x_wconf 83' lang='lat'><em>,</em></span> <span class='ocrx_word' id='word_1_145' title='bbox 751 2099 856 2150; x_wconf 87' lang='lat' dir='ltr'>Jovis</span> <span class='ocrx_word' id='word_1_146' title='bbox 867 2098 992 2137; x_wconf 85' lang='lat' dir='ltr'>verbis</span> <span class='ocrx_word' id='word_1_147' title='bbox 1004 2097 1200 2144; x_wconf 88' lang='lat' dir='ltr'>admonet,</span> <span class='ocrx_word' id='word_1_148' title='bbox 1215 2107 1254 2135; x_wconf 89' lang='lat' dir='ltr'>ut</span> <span class='ocrx_word' id='word_1_149' title='bbox 1275 2097 1420 2137; x_wconf 87' lang='lat' dir='ltr'>Nautae</span> <span class='ocrx_word' id='word_1_150' title='bbox 1431 2097 1618 2149; x_wconf 80' lang='lat' dir='ltr'>confilium</span> 
     </span>
     <span class='ocr_line' id='line_1_22' title="bbox 386 2160 1707 2218; baseline 0.002 -18"><span class='ocrx_word' id='word_1_151' title='bbox 386 2161 525 2201; x_wconf 84' lang='lat' dir='ltr'>secutus</span> <span class='ocrx_word' id='word_1_152' title='bbox 540 2192 551 2210; x_wconf 87' lang='lat'><em>‚</em></span> <span class='ocrx_word' id='word_1_153' title='bbox 566 2161 733 2201; x_wconf 83' lang='lat' dir='ltr'>mulieres</span> <span class='ocrx_word' id='word_1_154' title='bbox 752 2162 985 2216; x_wconf 85' lang='lat' dir='ltr'>imbellesque</span> <span class='ocrx_word' id='word_1_155' title='bbox 1004 2162 1103 2202; x_wconf 84' lang='lat' dir='ltr'>senes</span> <span class='ocrx_word' id='word_1_156' title='bbox 1123 2164 1158 2201; x_wconf 84' lang='lat' dir='ltr'>in</span> <span class='ocrx_word' id='word_1_157' title='bbox 1179 2160 1298 2200; x_wconf 84' lang='lat' dir='ltr'>Sicilia</span> <span class='ocrx_word' id='word_1_158' title='bbox 1319 2160 1521 2214; x_wconf 87' lang='lat' dir='ltr'>relinquat:</span> <span class='ocrx_word' id='word_1_159' title='bbox 1545 2162 1620 2215; x_wconf 87' lang='lat' dir='ltr'>ipse</span> <span class='ocrx_word' id='word_1_160' title='bbox 1694 2207 1707 2218; x_wconf 22' lang='lat' dir='ltr'>A</span> 
     </span>
     <span class='ocr_line' id='line_1_23' title="bbox 385 2221 1663 2279; baseline -0.003 -16"><span class='ocrx_word' id='word_1_161' title='bbox 385 2240 470 2264; x_wconf 88' lang='lat' dir='ltr'>cum</span> <span class='ocrx_word' id='word_1_162' title='bbox 486 2225 688 2275; x_wconf 83' lang='lat' dir='ltr'>juventutis</span> <span class='ocrx_word' id='word_1_163' title='bbox 703 2226 835 2264; x_wconf 88' lang='lat' dir='ltr'>robore</span> <span class='ocrx_word' id='word_1_164' title='bbox 850 2227 1082 2279; x_wconf 84' lang='lat' dir='ltr'>integraeque</span> <span class='ocrx_word' id='word_1_165' title='bbox 1095 2225 1218 2263; x_wconf 85' lang='lat' dir='ltr'>aetatis</span> <span class='ocrx_word' id='word_1_166' title='bbox 1233 2223 1323 2261; x_wconf 90' lang='lat' dir='ltr'>flore</span> <span class='ocrx_word' id='word_1_167' title='bbox 1338 2224 1375 2260; x_wconf 90' lang='lat' dir='ltr'>in</span> <span class='ocrx_word' id='word_1_168' title='bbox 1390 2221 1532 2263; x_wconf 87' lang='lat' dir='ltr'>Italiam</span> <span class='ocrx_word' id='word_1_169' title='bbox 1547 2239 1619 2263; x_wconf 86' lang='lat' dir='ltr'>na-</span> <span class='ocrx_word' id='word_1_170' title='bbox 1660 2237 1663 2240; x_wconf 92' lang='lat'><em>·</em></span> 
     </span>
     <span class='ocr_line' id='line_1_24' title="bbox 387 2284 1618 2340; baseline -0.001 -15"><span class='ocrx_word' id='word_1_171' title='bbox 387 2288 510 2339; x_wconf 84' lang='lat' dir='ltr'>viget:</span> <span class='ocrx_word' id='word_1_172' title='bbox 527 2286 758 2340; x_wconf 87' lang='lat' dir='ltr'>Sibyllaeque</span> <span class='ocrx_word' id='word_1_173' title='bbox 774 2288 937 2339; x_wconf 84' lang='lat' dir='ltr'>inprimis</span> <span class='ocrx_word' id='word_1_174' title='bbox 950 2297 1095 2326; x_wconf 85' lang='lat' dir='ltr'>antrum</span> <span class='ocrx_word' id='word_1_175' title='bbox 1105 2285 1231 2324; x_wconf 88' lang='lat' dir='ltr'>adeat:</span> <span class='ocrx_word' id='word_1_176' title='bbox 1246 2284 1334 2323; x_wconf 89' lang='lat' dir='ltr'>illius</span> <span class='ocrx_word' id='word_1_177' title='bbox 1349 2287 1445 2323; x_wconf 87' lang='lat' dir='ltr'>enim</span> <span class='ocrx_word' id='word_1_178' title='bbox 1460 2284 1567 2324; x_wconf 61' lang='lat' dir='ltr'>ductu</span> <span class='ocrx_word' id='word_1_179' title='bbox 1583 2285 1618 2324; x_wconf 88' lang='lat' dir='ltr'>se</span> 
     </span>
     <span class='ocr_line' id='line_1_25' title="bbox 384 2347 1619 2404; baseline -0.002 -15"><span class='ocrx_word' id='word_1_180' title='bbox 384 2352 423 2390; x_wconf 87' lang='lat' dir='ltr'>in</span> <span class='ocrx_word' id='word_1_181' title='bbox 437 2365 587 2404; x_wconf 88' lang='lat' dir='ltr'>campos</span> <span class='ocrx_word' id='word_1_182' title='bbox 602 2351 749 2404; x_wconf 79' lang='lat' dir='ltr'>Elysios</span> <span class='ocrx_word' id='word_1_183' title='bbox 772 2351 842 2395; x_wconf 82' lang='lat' dir='ltr'>effe</span> <span class='ocrx_word' id='word_1_184' title='bbox 858 2363 1053 2392; x_wconf 88' lang='lat' dir='ltr'>venturum</span> <span class='ocrx_word' id='word_1_185' title='bbox 1067 2382 1080 2399; x_wconf 92' lang='lat'><em>,</em></span> <span class='ocrx_word' id='word_1_186' title='bbox 1096 2350 1159 2389; x_wconf 86' lang='lat' dir='ltr'>ubi</span> <span class='ocrx_word' id='word_1_187' title='bbox 1173 2350 1213 2388; x_wconf 89' lang='lat'>&amp;</span> <span class='ocrx_word' id='word_1_188' title='bbox 1228 2348 1444 2402; x_wconf 84' lang='lat' dir='ltr'>posteritatis</span> <span class='ocrx_word' id='word_1_189' title='bbox 1458 2348 1540 2388; x_wconf 87' lang='lat' dir='ltr'>suae</span> <span class='ocrx_word' id='word_1_190' title='bbox 1559 2347 1619 2387; x_wconf 88' lang='lat' dir='ltr'>se-</span> 
     </span>
     <span class='ocr_line' id='line_1_26' title="bbox 385 2409 1616 2468; baseline -0.005 -16"><span class='ocrx_word' id='word_1_191' title='bbox 385 2415 476 2452; x_wconf 87' lang='lat' dir='ltr'>riem</span> <span class='ocrx_word' id='word_1_192' title='bbox 495 2416 734 2468; x_wconf 89' lang='lat' dir='ltr'>omniumque</span> <span class='ocrx_word' id='word_1_193' title='bbox 749 2414 955 2453; x_wconf 87' lang='lat' dir='ltr'>instantium</span> <span class='ocrx_word' id='word_1_194' title='bbox 971 2414 1148 2454; x_wconf 89' lang='lat' dir='ltr'>bellorum</span> <span class='ocrx_word' id='word_1_195' title='bbox 1164 2411 1275 2451; x_wconf 87' lang='lat' dir='ltr'>discat</span> <span class='ocrx_word' id='word_1_196' title='bbox 1291 2420 1476 2451; x_wconf 86' lang='lat' dir='ltr'>eventum.</span> <span class='ocrx_word' id='word_1_197' title='bbox 1490 2409 1616 2448; x_wconf 88' lang='lat' dir='ltr'>Moni-</span> 
     </span>
     <span class='ocr_line' id='line_1_27' title="bbox 384 2470 1620 2531; baseline -0.003 -17"><span class='ocrx_word' id='word_1_198' title='bbox 384 2476 432 2516; x_wconf 85' lang='lat' dir='ltr'>tis</span> <span class='ocrx_word' id='word_1_199' title='bbox 445 2477 566 2530; x_wconf 86' lang='lat' dir='ltr'>itaque</span> <span class='ocrx_word' id='word_1_200' title='bbox 584 2478 743 2531; x_wconf 78' lang='lat' dir='ltr'>paternis</span> <span class='ocrx_word' id='word_1_201' title='bbox 757 2491 901 2519; x_wconf 86' lang='lat' dir='ltr'>morem</span> <span class='ocrx_word' id='word_1_202' title='bbox 923 2490 1050 2530; x_wconf 83' lang='lat' dir='ltr'>gerens</span> <span class='ocrx_word' id='word_1_203' title='bbox 1068 2476 1202 2515; x_wconf 77' lang='lat' dir='ltr'>AEneas</span> <span class='ocrx_word' id='word_1_204' title='bbox 1216 2504 1229 2521; x_wconf 88' lang='lat'><em>,</em></span> <span class='ocrx_word' id='word_1_205' title='bbox 1252 2474 1432 2528; x_wconf 87' lang='lat' dir='ltr'>oppidum</span> <span class='ocrx_word' id='word_1_206' title='bbox 1445 2473 1483 2510; x_wconf 91' lang='lat' dir='ltr'>in</span> <span class='ocrx_word' id='word_1_207' title='bbox 1497 2470 1620 2511; x_wconf 75' lang='lat' dir='ltr'>Sicilia</span> 
     </span>
    </p>
   </div>
  </div>
 </body>
</html>
