1715 3028
354 166 443 213 372
565 140 571 161 Ὗ
685 151 738 195 P.
814 147 1354 195 VJRGJLJs

348 259 655 320 TumMeropem
671 268 780 317 atque
789 255 1011 318 Erymantha
1020 273 1146 310 manu,
1156 271 1231 319 tum
1244 255 1370 317 sternit
1384 255 1601 321 Aphidnum
1616 264 1636 302 ε’
1669 266 1671 273 ’

348 334 445 378 Tum
462 330 575 377 Bitian
593 329 783 375 ardentem
804 329 948 383 oculis„
964 329 1167 393 animisque
1183 329 1424 383 frementem,
1488 358 1492 370 -.
1540 363 1543 370 ,

346 406 439 453 Non
459 405 605 468 jaculo:
628 422 750 467 neque
770 403 865 450 enirn
886 403 1010 467 jaculo
1034 403 1146 449 vitam
1165 403 1229 449 ille
1247 403 1402 450 dediffet
1418 401 1449 448 ἑ.
1492 426 1495 433 ·

350 478 424 522 Sed
443 494 616 540 magnum
636 475 788 521 stridens
808 490 979 522 contorta
998 475 1180 539 phalarica
1201 477 1331 530 venie,
1532 490 1624 535 705

349 549 524 595 Fulminis
543 548 619 595 a&
632 549 777 595 modo:
798 561 907 611 quam
924 566 992 593 nec
1015 548 1091 593 duo
1111 562 1236 593 taurea
1253 560 1393 611 terga,

349 623 431 669 Nec
450 620 589 685 duplici
610 620 756 684 squama
774 620 890 667 lorica
909 620 1029 666 fidelis
1045 620 1088 667 ’ἃ
1107 638 1199 666 auro

350 690 544 740 Sustinuit:
565 693 728 758 collapsa
744 708 854 740 ruunt
868 691 1035 740 immania
1051 694 1226 740 membra.

351 771 426 816 Dat
442 768 550 814 tellus
568 767 769 832 gemitum,
788 767 828 814 ἃ
846 767 1006 832 clipeum
1023 767 1133 831 super
1149 768 1293 815 intonat
1312 767 1457 831 ingens.

351 841 484 901 Qualis
502 839 537 886 in
558 838 729 887 Euboico
749 840 913 886 Baiarum
932 839 1044 886 litore
1061 839 1247 902 quondam
1540 856 1567 896 7
1579 857 1632 886 ιο

352 917 467 961 Saxea
488 913 562 978 pila
583 914 705 967 cadim
722 913 863 978 magnis
882 931 991 976 quam
1016 911 1178 958 molibus
1196 929 1279 959 ante

353 988 608 1034 construerem]
626 1003 748 1052 ponto
768 987 929 1049 jaciunt:
949 986 997 1031 fic
1017 986 1078 1032 illa
1097 987 1234 1032 ruinam

353 1065 473 1108 Prona
491 1060 601 1106 trahit
617 1095 629 1113 ,
650 1059 870 1123 penitusque
889 1058 990 1104 vadis
1010 1057 1103 1104 illisa
1121 1058 1313 1104 recumbit.
1362 1066 1384 1081 ²
1519 1114 1523 1117 Δ

352 1134 520 1181 Miscent
539 1133 576 1179 se
593 1132 704 1179 maria
723 1170 735 1187 ,
751 1133 792 1179 &
810 1134 924 1196 nigrae
942 1131 1163 1180 attolluntur
1179 1149 1311 1177 arenae.
1347 1158 1351 1175 1
1412 1174 1416 1177 ,
1468 1170 1469 1173 ,
1532 1178 1534 1181 ,

352 1211 451 1254 Tum
470 1206 593 1253 sonitu
611 1205 794 1270 Prochyta
814 1206 885 1251 alta
901 1204 1050 1257 tremit,
1067 1202 1421 1268 durumquecubsse2¹
1531 1212 1570 1259 '7
1582 1223 1597 1249 1
1612 1220 1630 1264 ς

354 1279 511 1326 Inarime
534 1277 635 1326 Jovis
653 1277 815 1342 imperiis
836 1277 991 1341 imposta
1009 1277 1202 1340 Typhoeo.

355 1352 426 1401 Hic
445 1355 546 1399 Mars
566 1351 793 1416 armipotens
813 1351 971 1397 animum
991 1350 1163 1414 viresque
1181 1350 1316 1397 Latinis
1335 1358 1340 1362 ’
1397 1385 1399 1389 -

355 1425 511 1473 Addidit
528 1462 540 1480 ‚
561 1422 600 1473 ἃ
619 1425 782 1472 stimulos
801 1424 891 1470 acris
913 1424 977 1470 sub
996 1425 1148 1488 pe&ore
1168 1424 1279 1471 vertit
1297 1444 1307 1469 z
1373 1442 1377 1445 “

355 1498 580 1561 Immifitque
600 1501 737 1559 Fugam
753 1495 906 1542 Teucris
925 1512 1117 1557 atrumque
1135 1495 1337 1541 Timorem.

355 1571 533 1633 Undique
554 1569 807 1621 conveniunt·,
826 1566 999 1630 quoniam
1017 1568 1098 1612 data
1115 1566 1225 1630 copia
1245 1583 1407 1631 pugnae:
1528 1585 1634 1626 ¹720

356 1643 595 1706 Bellatorque
613 1642 753 1688 animos
769 1645 868 1686 Deus
887 1640 1025 1686 incidit.

357 1717 539 1763 Pandarus
563 1730 603 1760 ut
621 1715 703 1760 fuso
725 1731 938 1777 germanum
960 1730 1123 1776 corp-ore
1142 1711 1289 1768 cernit,

359 1791 405 1835 Et
422 1807 498 1852 quo
518 1787 559 1833 fit
577 1787 724 1834 fortuna
742 1787 834 1833 loco
849 1821 860 1839 ‚
880 1783 942 1848 qui
959 1785 1058 1832 casus
1075 1801 1159 1850 agat
1177 1804 1234 1833 res
1253 1807 1263 1831 z

359 1866 507 1910 Portam
526 1861 564 1907 vi
583 1861 696 1907 multa
715 1858 901 1906 converso
922 1858 1071 1904 cardine
1089 1874 1265 1922 torquet,
1625 1903 1628 1916 ,

360 1933 531 1981 Obnixus
547 1932 628 1979 latis
645 1932 803 1978 humeris
815 1966 828 1986 ‚
844 1931 1055 1994 multosque
1070 1931 1218 1978 suorum
1545 1953 1573 1993 7
1580 1945 1630 1997 25

358 2007 552 2054 Moenibus
567 2004 735 2051 exclusos
751 2004 846 2049 duro
866 2003 902 2049 in
919 2003 1118 2051 certamine
1135 2003 1290 2068 linquit:

359 2081 422 2126 Ast
445 2080 538 2126 alios
560 2079 684 2124 secum
702 2076 855 2123 includit
876 2077 1083 2141 recipitque
1105 2077 1243 2142 ruentis
1262 2113 1275 2132 ‚

357 2156 548 2198 Demens!
570 2150 631 2214 qui
650 2151 821 2196 Rutulum
841 2150 877 2196 in
899 2150 1024 2197 medio
1047 2169 1123 2198 non
1139 2150 1286 2215 agmine
1304 2168 1432 2217 regem

359 2225 506 2271 Viderit
525 2225 787 2288 irrumpentem
802 2259 814 2277 ,
840 2224 1017 2286 ultroque
1038 2222 1224 2270 incluserit
1242 2223 1350 2270 urbi:

359 2303 555 2345 Immanem
573 2298 690 2345 veluti
710 2316 846 2362 pecora
866 2297 964 2344 inter
982 2296 1112 2344 inertia
1135 2296 1270 2360 tigrim.
1545 2316 1634 2358 730

361 2373 558 2420 Continuo
577 2392 676 2420 nova
694 2374 757 2418 lux
777 2371 894 2418 oculis
915 2370 1051 2418 offulsit
1064 2405 1077 2424 ‚
1097 2369 1136 2416 &
1154 2389 1249 2416 arma
1350 2419 1352 2421 ,

362 2446 596 2492 Horrendum
618 2445 777 2492 sonuere
795 2465 804 2490 :
826 2459 984 2491 tremunt
1005 2443 1041 2489 in
1062 2441 1201 2489 vertice
1221 2442 1336 2490 cristae
