1715 3028
321 133 415 195 236
651 135 707 181 P.
779 123 1288 183 VJR'GJLJI

310 239 350 285 Si
372 239 490 287 modo
510 239 581 287 rite
598 258 746 287 memor
764 241 904 289 servata
923 243 1103 291 remetior
1122 245 1224 292 astra.
1270 265 1274 269 ·

310 315 410 359 Tum
429 313 510 377 pius
525 318 661 360 AEneas
680 335 689 359 :
711 314 896 379 Equidem
913 315 962 363 fic
980 317 1138 382 poscere
1156 334 1291 365 ventos

308 387 525 434 Iamdudum
541 424 552 442 ‚
572 388 612 435 ὅ(
628 389 753 435 frustra
773 386 888 438 'cerno
906 406 943 438 te
963 392 1118 439 tendere
1137 408 1279 439 contra.

309 461 438 507 Flthe
456 463 553 510 viam
572 463 677 510 velis.
697 469 756 511 An
774 464 816 512 fit
837 464 927 511 mihi
950 465 1093 531 gratior
1108 467 1184 513 ulla
1202 502 1216 522 ‚

310 537 458 596 Quove
478 539 592 603 magis
609 539 714 586 fessas
732 556 860 604 optem
880 540 1074 588 demittere
1095 542 1197 587 navis
1212 577 1226 596 ‚

311 611 438 669 Quam
458 630 542 675 quae
562 612 789 660 Dardanium
808 614 917 661 tellus
935 615 1025 662 mihi
1045 615 1164 663 servat
1179 616 1339 664 Acesten
1352 652 1366 672 ‚

315 685 486 749 Etpatris
508 687 683 733 Anchisae
702 688 848 752 gremio
868 689 1130 754 compieffitur
1152 690 1227 737 offa
1247 698 1260 737 ἓ

310 760 403 805 Haec
420 760 483 805 ubi
501 759 594 806 dieta
609 795 621 814 .,
639 776 770 825 petunt
790 777 943 826 portus.,
967 763 1006 810 &
1025 763 1108 809 vela
1131 763 1283 810 secundi

311 834 518 880 Intendnnt
535 835 712 899 Zephyri.
735 840 866 883 Fertur
885 837 956 884 cita
976 837 1125 903 gurgite
1146 838 1282 884 claffis:

313 909 361 953 Et
383 908 532 955 tandem
554 909 629 954 laeti
650 926 752 956 notae
775 912 1018 958 advertuntur
1038 931 1171 959 arenae.

378 986 430 1024 At
448 981 583 1043 procul
605 981 756 1028 excelso
778 983 927 1030 miratus
944 983 1089 1030 vertice
1113 983 1252 1030 montis

310 1051 532 1100 'Adventum
553 1054 748 1118 sociasque
766 1072 861 1103 rates
876 1093 888 1110 ‚
909 1057 1072 1103 occurrit
1088 1057 1238 1103 Acestes
1253 1092 1268 1111 ‚

313 1126 499 1173 Horridus
520 1128 556 1174 in
577 1129 707 1191 jaculis
729 1130 769 1176 ὃ(
788 1130 891 1194 pelle
910 1130 1105 1195 Libystidis
1123 1130 1218 1176 ursae
1238 1151 1248 1176 z

315 1205 434 1249 Troia
455 1204 607 1251 Criniso
626 1223 854 1270 conceptum
874 1205 1030 1252 flumine
1048 1223 1166 1252 mater

316 1279 448 1336 Quem
467 1277 608 1341 genuit.
631 1283 812 1326 Veterum
831 1300 910 1327 non
930 1280 1127 1327 immemor
1150 1280 1216 1328 ille
1234 1295 1429 1347 parentum

316 1350 493 1397 Gratatur
510 1353 665 1399 reduces
684 1389 696 1408 ,
717 1353 758 1402 &
775 1372 864 1418 gaza
884 1355 988 1402 laetus
1006 1355 1138 1419 agresti

316 1425 487 1489 Excipit,
505 1446 547 1473 ac
565 1427 676 1474 fessos
696 1428 831 1492 opibus
855 1429 995 1476 solatur
1013 1428 1152 1475 amicis.

316 1499 466 1545 Postera
485 1518 567 1545 cum
585 1500 708 1563 primo
730 1500 850 1546 stellas
869 1500 1030 1546 Oriente
1046 1500 1191 1564 fugarat
1230 1563 1239 1570 .

317 1571 431 1617 Clara
450 1572 552 1626 dies·‚
573 1572 699 1619 socios
716 1573 752 1618 in
771 1588 909 1619 coetum
931 1572 1044 1619 litore
1064 1574 1109 1619 ab
1130 1571 1234 1619 omni

312 1645 493 1691 'Advocat
509 1650 646 1693 AEneas
662 1683 675 1701 .,
692 1647 902 1711 tumulique
926 1665 971 1693 ex
990 1665 1130 1711 aggere
1152 1647 1268 1693 satur:

317 1719 541 1767 Dardanidae
557 1721 684 1785 magni
703 1757 715 1776 ,
741 1740 859 1787 genus
878 1721 955 1767 alto
980 1740 999 1766 a
1020 1720 1198 1784 sanguine
1215 1719 1384 1767 Divom:

318 1801 476 1841 Annuus
496 1796 631 1843 exaffis
649 1797 861 1861 completur
878 1795 1063 1843 menfibus
1083 1795 1207 1850 orbis,

320 1870 376 1912 Ex
402 1887 479 1932 quo
500 1869 674 1933 reliquias
697 1869 891 1934 divinique
916 1868 990 1916 ossa
1019 1868 1181 1933 parentis

320 1941 572 1988 Condidimus
593 1958 689 1989 terra
704 1979 716 1998 .,
733 1943 955 2006 moestasque
977 1941 1194 1988 sacravimus
1212 1959 1302 1988 aras.

320 2016 474 2078 Jamque
493 2014 572 2062 dies
592 2016 654 2076 (ni
671 2016 810 2075 fallor)
830 2017 928 2062 adest
944 2051 956 2070 ,
975 2034 1086 2078 quem
1106 2014 1251 2078 semper
1267 2014 1464 2071 acerbum,

321 2090 479 2152 Semper
503 2087 730 2135 honoratum
750 2089 823 2149 (fic
843 2092 891 2136 Di
908 2088 1101 2149 voluistis)
1120 2088 1280 2135 habebo.

321 2166 429 2210 Hunc
448 2183 523 2229 ego
546 2165 704 2212 Gaetulis
724 2185 874 2231 agerem
892 2165 916 2212 fi
935 2165 1103 2230 Syrtibus
1123 2163 1223 2211 exsul
1242 2199 1256 2219 ‚

321 2237 561 2300 Argolicove
579 2238 668 2285 mari
686 2239 889 2304 deprensus
901 2275 913 2294 ‚
938 2239 978 2287 δι
995 2239 1087 2286 urbe
1104 2240 1310 2302 Mycenae;

321 2311 456 2356 Annua
473 2327 561 2358 vota
579 2328 700 2359 tamen
721 2312 987 2377 sollemnisque
1006 2311 1139 2360 ordine
1157 2330 1317 2376 pompas

323 2384 582 2446 Exsequerer3
608 2387 860 2451 strueremque
885 2386 956 2433 suis
979 2384 1104 2432 altaria
1121 2384 1242 2432 donis.

323 2457 433 2501 Nunc
451 2458 550 2504 ultro
569 2458 615 2504 ad
634 2458 774 2506 cineres
795 2459 902 2523 ipfius
922 2459 961 2506 ὅ(
979 2459 1052 2506 offa
1069 2457 1252 2522 parentis,

1542 265 1601 309 ,ς

1551 635 1607 675 30

1552 1000 1604 1045 35

1551 1373 1611 1410 40

1557 2104 1613 2149 50

1555 2474 1604 2519 55
