1715 3028
360 133 453 179 240
612 116 1314 164 2P‚VIRGILII

357 225 558 272 Consonat
575 242 688 271 omne
710 241 839 269 nemus
854 258 866 277 ‚
885 240 1098 286 vocemque
1120 221 1261 269 inclusa
1286 221 1457 271 volutant

357 299 483 347 Litora
501 320 509 344 :
530 298 660 363 pulsati
682 298 802 344 colles
820 297 987 344 clamore
1008 296 1195 343 resultant.
1502 299 1505 302 ”
1568 316 1655 360 150

357 372 500 437 Effugit
514 388 600 418 ante
616 370 711 417 alios
728 407 739 425 ‚
757 369 959 434 primisque
983 369 1142 416 elabitur
1159 369 1267 416 undis

353 447 519 494 Turbam
539 445 635 492 inter
651 444 914 509 fremitumque
933 448 1059 510 Gyas:
1080 463 1193 508 quem
1212 444 1349 491 deinde
1368 443 1588 494 Cloanthus,
1648 488 1651 489 γ

356 520 641 584 Consequitur,
663 519 802 566 melior
825 519 935 566 remis
953 541 961 566 :
985 519 1048 565 sed
1067 519 1237 584 pondere
1257 518 1366 583 pinus

355 594 478 641 Tarda
498 609 615 641 tenet.
641 593 727 641 Post
754 593 823 640 hos
842 611 954 657 aequo
976 592 1187 639 discrimine
1212 592 1332 638 Pristis

358 665 642 729 Centaurusque
665 665 793 712 locum
810 666 970 712 tendunt
989 664 1161 729 superare
1182 664 1361 729 priorem.
1570 682 1617 725 15
1633 681 1659 729 5¹

356 742 403 786 Et
420 757 516 785 nunc
533 738 652 785 Pristis
673 738 785 784 habet
797 773 809 792 ‚
829 756 927 784 nunc
944 738 1077 784 vislam
1099 737 1264 801 praeterit
1282 737 1418 802 ingens

358 816 570 860 Centaurus
587 834 596 857 ε
620 831 717 858 nunc
736 831 808 858 una
827 812 945 858 ambae
965 811 1176 875 junffisque
1195 811 1365 858 feruntur

356 887 558 934 Frontibus
573 924 586 942 .,
608 885 649 933 ἃ
670 886 785 949 longa
804 885 948 931 sulcant
964 885 1058 932 vada
1082 885 1170 931 salsa
1188 885 1320 931 carina.

356 965 509 1025 Jamque
528 959 834 1025 propinquabant
857 958 1017 1024 scopulo
1032 996 1044 1014 ,
1061 974 1272 1023 metamque
1293 959 1498 1016 tenebant,v

358 1038 458 1082 Cum
480 1035 656 1100 princeps
670 1071 682 1090 a
703 1033 908 1097 medioque
931 1036 1032 1098 Gyas
1052 1032 1088 1079 in
1110 1032 1258 1097 gurgite
1279 1032 1402 1080 vietor
1417 1070 1431 1090 .,
1570 1041 1658 1083 160

357 1112 557 1158 Restorem
579 1110 679 1157 navis
701 1110 907 1174 compellat
927 1128 1026 1156 voce
1043 1111 1248 1155 Menoeten
1268 1130 1277 1154 :

358 1187 453 1246 Quo
474 1200 617 1230 tantum
635 1182 724 1229 mihi
748 1183 879 1229 dexter
893 1181 969 1228 abis
988 1189 1001 1228 ?
1020 1182 1091 1229 huc
1112 1182 1233 1247 dirige
1257 1183 1428 1247 gressum.

357 1258 457 1304 Litus
477 1277 555 1304 ama
572 1294 583 1313 ‚
605 1256 646 1303 &
664 1256 775 1302 laevas
791 1255 943 1320 stringat
961 1254 1035 1302 fine
1057 1255 1217 1319 palmula
1235 1270 1386 1311 cautes·,

358 1332 487 1378 Altum
507 1330 569 1377 alii
591 1345 750 1377 teneant.
784 1329 901 1376 Dixit.
936 1330 1009 1376 Sed
1032 1348 1128 1376 caeca
1146 1333 1341 1377 Menoetes

359 1408 452 1451 Saxa
469 1405 601 1451 timens
617 1441 629 1458 ‚
651 1422 802 1468 proram
823 1404 949 1467 pelagi
969 1404 1174 1467 detorquet
1191 1405 1236 1449 ad
1255 1404 1382 1449 undas.
1572 1409 1655 1464 165

357 1484 452 1540 Quo
473 1478 640 1524 diversus
658 1478 762 1522 abis?
782 1476 915 1522 iterum
939 1492 1028 1540 pete
1051 1477 1132 1522 saxa
1146 1514 1159 1532 .,
1178 1480 1353 1523 Menoete
1368 1514 1382 1533 ,

356 1554 456 1597 Cum
479 1550 644 1596 clamore
665 1551 768 1612 Gyas
787 1549 1017 1595 revocabat:
1049 1549 1089 1595 ἃ
1107 1568 1195 1595 ecce
1218 1550 1448 1597 Cloanthum

355 1622 521 1687 Respicit
538 1622 730 1668 instantem
752 1637 862 1686 tergo
878 1659 890 1677 ,
918 1621 958 1668 &
976 1621 1159 1686 propiora
1178 1638 1380 1670 tenentem.

356 1699 425 1745 Ille
445 1697 543 1743 inter
562 1715 772 1759 navemque
793 1700 891 1760 Gyae
914 1696 1170 1760 scopulosque
1191 1697 1354 1743 sonantis

358 1769 468 1817 Radit
485 1769 555 1816 iter
572 1770 707 1815 laevum
734 1769 919 1825 interior,
943 1769 1157 1833 subitusque
1178 1769 1346 1834 priorem
1456 1780 1459 1785 ’
1571 1786 1659 1828 170

358 1845 527 1891 Praeterit
542 1881 554 1898 ‚
581 1844 620 1891 St
640 1844 746 1891 metis
769 1860 874 1891 tenet
895 1863 1050 1908 aequora
1074 1860 1148 1890 tuta
1171 1844 1323 1890 reliffis.

358 1922 456 1966 Tum
475 1938 569 1965 vero
589 1918 719 1965 exarsit
738 1918 868 1981 juveni
888 1918 1004 1965 dolor
1024 1919 1156 1965 offibus
1176 1918 1310 1983 ingens
1329 1940 1338 1964 ε

360 1993 443 2038 Nec
459 1990 620 2038 lacrimis
642 2009 792 2037 caruere
819 2008 940 2054 genae.
962 1994 1202 2055 Segnemque
1220 1993 1458 2048 Menoeten;

361 2064 512 2111 Oblitus
533 2064 759 2128 decorisque
783 2064 836 2109 sui
857 2064 1076 2127 sociumque
1098 2064 1219 2110 salutis
1238 2100 1250 2117 ‚
1440 2122 1441 2125 Ἴ

360 2143 401 2186 In
427 2156 527 2183 mare
552 2137 783 2202 praecipitem
808 2138 927 2202 puppi
945 2138 1117 2184 deturbat
1140 2138 1184 2184 ab
1203 2138 1283 2184 alta.
1572 2153 1625 2195 17
1635 2156 1653 2201 5

360 2211 445 2274 Ipse
466 2211 698 2274 gubernaclo
721 2210 845 2257 testor
863 2211 958 2257 subit
974 2247 986 2265 .,
1013 2211 1090 2275 ipse
1109 2211 1305 2275 magister:
1461 2210 1464 2216 ‘

363 2287 619 2348 Hortaturque
638 2284 741 2331 viros
757 2321 770 2339 ,
791 2286 1011 2349 clavumque
1035 2286 1079 2332 ad
1107 2286 1217 2331 litora
1237 2300 1403 2349 torquet.

365 2361 417 2404 At
436 2359 556 2421 gravis
570 2396 582 2414 ‚
602 2378 642 2405 ut
664 2360 782 2407 fundo
801 2360 864 2406 vix
883 2361 1032 2406 tandem
1057 2360 1219 2406 redditus
1238 2360 1313 2407 imo
1334 2361 1385 2408 est

367 2435 442 2481 lam
460 2433 582 2480 senior
597 2471 609 2491 ,
631 2435 850 2500 madidaque
868 2435 986 2483 fluens
1006 2435 1043 2481 in
1061 2434 1160 2482 veste
1173 2473 1185 2490 ‚
1207 2437 1399 2483 Menoetes
1415 2468 1430 2492 ‚
