1715 3028
375 146 474 195 '268
708 152 761 195 P.
835 146 1338 199 VJRGIL-II

374 258 423 302 Et
439 256 623 320 Thybrim
642 257 759 303 multo
781 255 1007 320 spumantem
1029 257 1206 322 sangui'ne
1227 278 1363 307 cerno.r

375 331 469 375 Non
490 328 624 375 Simois
645 329 710 375 tibi
724 365 735 382 ,
755 348 822 374 nec
841 330 1007 376 Xanthus
1028 366 1040 384 ‚
1064 349 1132 377 nec
1150 332 1290 378 Dorica
1307 331 1417 379 castra

376 402 585 448 Defuerint.
609 403 711 449 Alius
732 404 836 450 Latio
854 404 923 466 jam
945 419 1067 468 partus
1089 404 1253 451 Achilles
1269 440 1282 459 ‚

376 476 493 521 Natus
514 475 553 522 &
573 476 652 540 ipse
671 479 762 522 Dea.
786 479 868 523 Nec
887 478 1043 524 Teucris
1061 477 1183 524 addita
1201 481 1295 525 Juno
1504 485 1505 489 ’
1608 478 1670 539 9ὀ

377 548 544 612 Usquam
565 549 705 595 aberit:
728 567 811 595 cum
828 565 867 596 tu
887 550 1041 615 supplex
1060 552 1097 597 in
1116 552 1223 598 rebus
1242 550 1370 615 egenis
1621 559 1623 562 ⁴

378 623 485 681 Quas
503 621 622 685 gentis
636 622 764 669 Italum
781 658 793 677 .,
815 639 876 669 aut
896 642 984 686 quas
1005 643 1082 670 non
1105 623 1269 670 oraveris
1287 623 1412 670 urbis!

341 746 343 748 ¹
376 694 500 740 Causa
521 694 606 740 mali
627 696 715 742 tanti
733 697 895 758 conjux,
913 698 1045 744 iterum
1065 697 1212 762 hospita
1230 697 1384 744 Teucris
1402 718 1414 752 ;

378 767 608 831 Externique
634 770 766 815 iterum
794 770 953 816 thalami.

380 843 440 886 Tu
459 859 504 887 ne
524 842 615 888 cede
636 843 763 889 malis:
787 843 849 890 sed
873 863 1001 891 contra
1021 844 1216 890 audentior
1235 844 1289 891 ito
1304 880 1317 898 ‚
1613 859 1668 903 93

377 919 504 977 Quam
525 933 584 963 tua
604 935 639 964 te
657 918 805 966 fortuna
833 919 936 966 finer.
959 919 1030 965 Via
1051 919 1166 983 prima
1188 918 1308 964 salutis
1323 948 1345 972 ‚-

375 990 501 1055 Quod
521 990 671 1037 minime
693 992 804 1046 reris,
823 993 933 1038 Graia
952 993 1132 1056 pandetur
1150 993 1193 1038 ab
1215 992 1318 1038 urbe.

443 1062 594 1108 Talibus
615 1082 659 1109 ex
677 1064 794 1128 adyto
814 1064 918 1110 diffis
940 1067 1092 1110 Cumaea
1112 1064 1253 1127 Sibylla

378 1138 595 1184 'Horrendas
616 1139 713 1185 canit
731 1140 925 1204 ambages,
945 1154 1127 1203 antroque
1152 1138 1314 1203 remugit
1332 1173 1346 1193 ‚

378 1213 560 1259 Obscuris
578 1233 665 1260 vera
685 1215 893 1261 involvens.
929 1218 979 1261 Ea
996 1215 1099 1261 frena
1117 1213 1252 1260 furenti
1590 1231 1674 1260 100

376 1288 562 1334 Concutit
576 1324 588 1342 .‚
607 1288 646 1335 ὅς
663 1289 827 1335 stimulos
847 1289 912 1335 sub
931 1289 1084 1353 pe&‹›re
1104 1288 1216 1334 vertit
1234 1286 1398 1351 Apollo:
1455 1328 1461 1337 s

380 1363 434 1406 Ut
453 1360 611 1424 primum
630 1361 728 1407 ceffit
750 1362 855 1408 furor
869 1397 881 1415 ‚
901 1361 940 1408 ὅ(
960 1361 1084 1407 rabida.
1105 1379 1169 1406 ora
1190 1361 1364 1422 quierunt
1381 1378 1394 1413 3

378 1432 515 1496 Incipit
531 1438 666 1479 AEneas
684 1434 796 1480 heros
814 1455 821 1478 ·.
847 1437 937 1480 Non
957 1434 1031 1479 ulla
1049 1434 1217 1479 laborum
1238 1468 1250 1485 ‚

379 1507 419 1549 O
440 1505 550 1567 virgo
564 1540 575 1558 ,
599 1524 696 1549 nova
718 1510 768 1550 mi
786 1504 894 1549 facies
916 1504 1120 1567 inopinave
1140 1504 1265 1567 surgit.

381 1578 521 1624 Omnia
544 1577 706 1641 praecepi
724 1613 735 1631 ‚
756 1594 866 1640 atque
890 1578 1016 1624 animo
1036 1596 1180 1623 mecum
1199 1592 1284 1624 ante
1304 1578 1447 1642 peregi.
1589 1596 1669 1639 105

381 1654 510 1696 Unum
529 1670 599 1697 oro
617 1673 624 1695 ε
650 1652 799 1714 quando
819 1649 876 1696 hic
897 1650 1029 1696 inferni
1050 1651 1158 1713 janua
1177 1651 1275 1714 regis

381 1724 554 1779 Dicitur,
570 1725 609 1771 ἃ
629 1724 823 1771 tenebrosa
843 1724 947 1787 palus
969 1723 1187 1769 Acheronte
1205 1722 1330 1770 refuso
1347 1743 1356 1768 z

378 1801 439 1843 Ire
459 1798 504 1844 ad
522 1797 761 1861 conspeflum
781 1796 851 1842 cari
876 1795 1057 1858 genitoris
1079 1796 1119 1843 ὅ(
1139 1815 1204 1843 ora

384 1871 620 1934 Contingat:
641 1871 777 1917 doceas
795 1870 864 1916 iter
882 1906 894 1923 .,
915 1869 953 1916 ὅ(
974 1868 1070 1914 sacra
1090 1868 1179 1914 ostia
1197 1867 1343 1931 pandas.
1406 1904 1421 1909 .,
1488 1896 1489 1899 =
1620 1885 1633 1903 t

381 1944 492 1990 Illum
510 1961 585 2005 ego
605 1961 672 2006 per
690 1943 850 1988 flammas
863 1978 874 1995 ,
895 1941 934 1987 ἃ
954 1941 1055 1987 mille
1076 1937 1265 2003 sequentia
1283 1938 1355 1984 tela
1588 1957 1602 1982 ι
1619 1956 1672 1989 10

383 2016 515 2080 Eripui
534 2016 588 2061 his
607 2015 767 2062 humeris
785 2052 796 2070 ,
817 2015 1020 2078 medioque
1040 2032 1083 2059 ex
1103 2013 1206 2060 hoste
1229 2005 1353 2075 recepi
1373 2033 1382 2057 z

386 2090 455 2136 Ille
473 2107 596 2135 meum
615 2088 810 2135 comitatus
829 2089 898 2134 iter
912 2123 924 2142 ‚
943 2088 1053 2134 maria
1077 2087 1199 2134 omnia
1219 2103 1361 2131 mecum
1377 2121 1391 2138 ‚

388 2167 513 2226 Atque
537 2160 667 2209 omnes
691 2162 892 2226 pelagique
914 2161 1025 2207 minas
1046 2160 1209 2223 coelique
1227 2158 1367 2203 ferebat

387 2236 575 2282 Invalidus
591 2271 602 2290 .,
623 2235 720 2281 vires
740 2235 833 2281 ultra
855 2234 1068 2298 sortemque
1089 2231 1260 2279 semettaej

388 2310 492 2370 Quin
510 2346 521 2364 ‚
538 2325 578 2356 ut
599 2327 635 2356 te
655 2309 808 2373 supplex
830 2324 996 2372 peterem
1013 2344 1025 2362 ‚
1046 2307 1086 2355 Sc
1105 2322 1165 2352 tua
1184 2304 1310 2350 limina
1331 2304 1469 2350 adirem
1488 2339 1518 2359 ,,
1586 2324 1602 2350 1
1620 2322 1668 2364 ις

387 2385 490 2429 Idem
513 2403 621 2430 orans
642 2383 808 2430 mandata
827 2383 943 2428 dabat.
975 2381 1159 2443 Gnatique
1179 2378 1367 2443 patrisque

381 2456 486 2504 Alma
503 2491 515 2510 7
533 2474 670 2522 precor
685 2491 697 2511 ,
719 2455 903 2503 miserere.
936 2460 1047 2502 Potes
1066 2470 1223 2515 namque
1245 2451 1365 2499 onmia
1385 2472 1393 2497 :
1418 2469 1485 2498 nec
1507 2465 1542 2496 te
