1715 3028
282 160 338 191 10
602 149 655 193 P.
733 152 775 188 V
806 150 835 193 Ι
866 151 908 194 R
944 152 986 196 G
1021 153 1051 195 I
1083 154 1119 196 L
1154 154 1183 197 I
1214 154 1242 196 I

274 251 476 298 Montibus
505 253 545 300 ἂ
564 252 662 299 silvis
682 254 802 301 studio
823 255 978 318 jactabat
997 256 1113 301 inani:

273 326 313 370 O
335 325 495 371 crudelis
515 326 653 381 Alexi,
672 326 763 373 nihil
784 346 864 375 mea
885 328 1042 375 carmina
1062 347 1164 375 curas
1183 337 1196 374 ?

273 397 341 443 Nil
363 399 477 445 nostri
498 399 702 447 miserere?
724 401 821 448 mori
839 420 898 449 me
920 402 1085 466 denique
1107 420 1236 467 coges.

273 473 386 518 Nunc
403 472 514 519 etiam
532 473 696 537 pecudes
713 475 858 522 umbras
879 475 919 523 ὅ(
939 475 1081 539 frigora
1101 491 1274 540 captant:

273 546 386 591 Nunc
414 546 541 594 viridis
562 548 672 595 etiam
691 551 881 597 occultant
913 550 1055 614 spineta
1074 549 1263 597 lacertos:

275 618 463 685 Thestylis
482 621 522 669 Sc
541 623 674 688 rapido
697 625 789 671 feffis
807 624 1026 671 mefforibus
1046 625 1131 672 aestu

273 691 374 738 Allia
396 693 664 760 serpillumque
688 696 818 744 herbas
841 697 1040 743 contundit
1061 697 1213 745 olentis.

272 767 324 812 At
341 784 486 814 mecum
504 769 622 816 raucis
636 805 648 824 ‚
673 786 733 817 tua
752 772 838 816 dum
856 770 1012 834 vestigia
1030 772 1142 819 lustro
1159 808 1173 826 ‚

273 841 364 887 Sole
383 841 448 888 sub
468 844 613 891 ardenti
631 845 808 892 resonant
827 845 966 892 arbusta
988 845 1134 893 cicadis.

275 914 418 961 Nonne
438 915 508 962 fuit
528 917 637 964 satius
655 953 668 972 ,
692 918 810 964 tristes
832 918 1072 982 Amaryllidis
1097 919 1165 965 irar
1183 955 1196 973 ‚

273 988 400 1050 Atque
422 988 577 1053 superba
598 990 674 1055 pati
693 991 862 1038 fastidia?
884 1010 1014 1039 nonne
1031 994 1234 1040 Menalcan
1256 1001 1272 1040 ?

272 1061 456 1120 Quamvis
477 1062 541 1110 ille
560 1064 669 1129 niger
685 1101 698 1119 ‚
721 1065 887 1129 quamvis
905 1080 943 1112 tu
963 1066 1138 1112 candidus
1157 1067 1259 1113 effes.

272 1136 309 1179 O
331 1134 498 1183 formose
516 1156 632 1201 puer,
652 1139 804 1186 nimium
826 1159 873 1186 ne
890 1140 1001 1186 crede
1019 1139 1155 1188 colori.

271 1206 367 1253 Alba
385 1207 534 1272 ligustra
555 1211 715 1266 cadunt,
736 1212 903 1258 vaccinia
923 1211 1027 1275 nigra
1045 1211 1235 1275 leguntur.

270 1279 477 1344 Despeflus
500 1281 566 1328 tibi
586 1283 662 1330 sum
679 1320 691 1338 ‚
712 1303 781 1331 nec
800 1283 864 1348 qui
888 1283 951 1330 s1m
981 1283 1139 1347 quaeris.
1157 1283 1267 1330 Alexi
1286 1305 1295 1329 z

269 1355 395 1414 Quam
412 1354 517 1402 <lives
536 1357 686 1421 pecoris
710 1358 811 1404 nivei
833 1395 845 1413 ‚
876 1377 985 1422 quam
1005 1357 1106 1403 laffis
1131 1357 1332 1403 abundans.

267 1427 382 1474 Mille
399 1448 493 1475 meae
510 1431 643 1476 Siculis
665 1447 788 1477 errant
806 1431 842 1476 in
862 1431 1053 1477 montibus
1070 1448 1178 1494 agnae
1197 1451 1206 1475 :

269 1502 340 1546 Lac
356 1501 445 1547 mihi
468 1521 547 1549 non
565 1504 687 1549 aestate
701 1539 713 1557 .,
732 1523 873 1550 novum
902 1523 978 1550 non
999 1503 1142 1567 frigore
1161 1503 1262 1549 defit.

268 1578 396 1622 Canto
413 1612 424 1629 .,
450 1595 532 1640 quae
553 1577 683 1624 solitus
699 1613 710 1632 ‚
728 1576 752 1622 fi
773 1578 924 1641 quando
944 1594 1107 1624 armenta
1124 1578 1285 1625 vocabat
1303 1613 1317 1631 ‚

266 1650 461 1715 Amphion
479 1651 645 1698 Dircaeus
666 1652 702 1698 in
721 1654 852 1699 Actaeo
873 1653 1106 1716 Aracyntho.

266 1728 350 1773 Nec
369 1724 446 1771 sum
463 1727 559 1772 adeo
579 1725 747 1773 informis
767 1748 776 1772 t
802 1746 921 1791 nuper
938 1745 998 1773 me
1017 1727 1055 1773 in
1074 1726 1188 1773 litore
1210 1725 1286 1772 vidi
1303 1762 1315 1780 ‚

266 1809 364 1852 Cum
392 1805 577 1870 placidum
603 1807 723 1853 ventis
745 1808 852 1854 staret
871 1827 981 1854 mare.
1011 1811 1101 1854 Non
1123 1826 1198 1871 ego
1220 1807 1409 1871 Daphnim

268 1879 395 1928 ludice
415 1896 451 1926 te
470 1895 630 1927 metuam
645 1916 656 1934 .,
680 1880 704 1926 si
727 1900 915 1944 nunquam
933 1881 1036 1928 fallat
1056 1881 1195 1945 imago.

270 1955 307 1999 Ο
327 1969 466 1999 tantum
485 1952 599 1999 libeat
617 1972 764 2000 mecum
782 1954 849 2000 tibi
871 1955 1017 2002 sordida
1040 1974 1122 2001 rura
1141 1990 1153 2009 ‚

268 2030 395 2090 Atque
416 2027 562 2073 humilis
582 2027 745 2075 habitare
763 2028 859 2075 casas
874 2064 886 2083 ‚
911 2029 951 2076 ὅ(
971 2030 1088 2093 figere
1113 2047 1244 2078 cervos
1260 2063 1274 2082 ‚

269 2103 548 2167 Haedorumque
568 2121 723 2168 gregem
741 2103 852 2150 viridi
873 2104 1105 2168 compellere
1124 2102 1266 2150 hibisco
1286 2109 1299 2147 ¹.

269 2178 424 2222 Mecum
444 2194 515 2222 una
533 2176 570 2221 in
591 2175 687 2222 silvis
707 2175 899 2223 imitabere
918 2180 1015 2223 Pana
1034 2177 1217 2222 canendo.

269 2254 344 2296 Pan
372 2250 509 2314 primus
533 2251 694 2297 calamos
721 2269 804 2297 cera
829 2251 1065 2315 conjungere
1084 2250 1199 2314 pluris

268 2322 449 2368 Instituit:
472 2327 545 2369 Pan
567 2339 669 2369 curat
688 2322 770 2369 ovis
785 2358 797 2377 ‚
822 2321 1026 2386 oviumque
1046 2322 1250 2388 magistros,

267 2397 351 2442 Nec
369 2410 406 2441 te
428 2393 612 2459 poeniteat
631 2394 772 2441 calamo
795 2394 931 2441 trivisse
956 2394 1143 2441 labellum.

268 2471 358 2517 Haec
376 2467 506 2515 eadem
524 2482 564 2514 ut
579 2466 716 2522 sciret,
733 2466 823 2530 quid
841 2485 920 2515 non
938 2465 1096 2514 faciebat
1115 2470 1322 2534 Amyntas?

1513 645 1564 671 10

1509 1013 1559 1054 15

1505 1375 1562 1402 20

1502 1745 1553 1786 25

1483 2110 1559 2161 '30
