1715 3028
345 169 437 218 108
587 172 1281 219 ,RVIRGJLII

342 277 523 338 Quaesltas
543 278 587 324 ad
607 277 703 324 sacra
720 279 840 324 boves
858 277 1009 324 Junonis
1028 313 1040 331 ‚
1067 277 1107 325 &
1129 278 1203 324 uris

343 350 546 413 Imparibus
574 351 704 397 ductos
731 351 801 397 alta
829 351 874 396 ad
899 352 1052 398 donaria
1079 369 1213 397 currus.

344 424 448 486 Ergo
469 414 569 487 aegre
587 423 703 470 rastris
723 419 856 471 terram
880 424 1056 471 rimantur
1072 460 1084 479 ‚
1114 424 1154 471 δε
1177 423 1261 488 ipfis

343 496 538 560 Unguibus
560 497 748 545 infodiunt
766 499 888 563 fruges
904 536 916 554 ‚
939 499 1154 563 montisque
1176 517 1244 564 per
1262 498 1358 546 altos

345 572 538 618 Contenta
559 573 707 620 cervice
725 575 871 621 trahunt
888 575 1075 621 stridentia
1095 574 1261 639 plaustra.

343 645 435 690 Non
456 645 564 709 lupus
585 646 727 694 infidias
752 649 923 713 explorat
949 649 1063 696 ovilia
1083 649 1221 694 circum
1236 684 1248 702 ‚

343 719 426 763 Nec
452 720 626 785 gregibus
646 723 846 769 nothxrnus
867 724 1102 771 obambulat:
1126 724 1248 771 acrior
1274 722 1379 768 illum

346 793 445 838 Cura
464 793 592 840 domat
611 816 619 839 ε
639 796 758 841 timidi
778 797 894 843 damae
913 798 1089 861 cervique
1110 798 1261 862 fugaces

345 867 457 912 Nunc
483 868 656 933 interque
679 890 786 918 canes
816 873 855 919 St
876 873 1013 920 circum
1034 875 1129 920 tefka
1149 888 1340 938 vagantur.

343 940 419 985 Jam
437 943 543 989 maris
561 944 724 991 immenfi
744 946 893 1011 prolem
909 983 921 998 „
951 946 989 992 ὅ(
1008 965 1122 1010 genus
1142 965 1255 993 omne
1276 958 1463 991 natantum

343 1013 472 1062 Litore
498 1015 534 1061 in
561 1036 730 1065 extremo
750 1056 762 1072 2
789 1038 857 1066 ceu
878 1021 1050 1084 naufraga
1070 1038 1259 1084 corpora„
1281 1019 1412 1066 flufitus

344 1088 512 1135 Proluit:
534 1090 696 1137 insolitae
719 1093 865 1156 fugiunt
892 1094 929 1138 in
953 1094 1101 1139 flumina
1127 1093 1272 1156 phocae.

345 1162 476 1208 Interit
499 1164 539 1211 ἃ
562 1166 682 1211 curvis
707 1167 834 1212 frustra
861 1167 1010 1212 defensa
1036 1166 1184 1211 latebris

345 1234 485 1298 Vipera
504 1273 515 1290 ‚
543 1238 583 1284 ἃ
602 1239 748 1285 attoniti
769 1239 925 1302 squamis
946 1240 1167 1286 adstantibus
1191 1239 1310 1303 hydri.

344 1305 431 1369 Ipsi:
461 1309 511 1355 est
531 1329 592 1356 aer
612 1311 740 1357 avibus
770 1332 845 1359 non
872 1332 1000 1377 aequus
1017 1349 1029 1366 ‚
1050 1312 1089 1359 &
1111 1312 1187 1358 illae

347 1381 562 1446 Praecffsstes
579 1384 648 1431 alta
675 1385 788 1432 vitam
816 1387 881 1432 sub
902 1387 999 1432 nube
1019 1386 1245 1448 relinquunt.

347 1458 532 1504 Praeterea
552 1459 624 1521 jam
645 1478 714 1505 nec
734 1460 866 1506 mutari
885 1460 1018 1524 pabula
1038 1459 1153 1507 refert
1172 1495 1185 1513 ,

346 1529 600 1594 Quaefitaeque
624 1550 764 1578 nocent
783 1548 904 1578 artes:
931 1532 1068 1578 ceffere
1086 1531 1247 1596 magistri

345 1603 567 1667 Phillyrides
587 1606 732 1653 Chiron
750 1642 762 1661 ,
787 1606 1136 1671 Amythaoniusque
1154 1605 1378 1668 Melampus.

347 1675 460 1721 Saevit
487 1676 583 1723 &in
611 1678 734 1724 lucem
754 1679 892 1743 Stygiis
925 1679 1048 1725 emiffa
1075 1677 1236 1724 tenebris

347 1750 487 1797 Pallida
504 1751 710 1816 Tisiphone
725 1789 737 1808 ‚
766 1755 920 1800 morbos
941 1753 1018 1818 agit
1036 1767 1121 1798 ante
1139 1767 1354 1814 metumque
1372 1785 1385 1803 ,

346 1827 467 1887 Inque
490 1825 568 1872 dies
588 1827 736 1873 avidum
755 1827 907 1889 surgens
926 1842 1038 1891 caput
1054 1825 1162 1872 altius
1184 1825 1304 1871 effert.

347 1898 472 1945 Balatu
492 1919 672 1964 pecorum
705 1901 744 1948 &
765 1900 901 1947 crebris
920 1899 1123 1964 mugitibus
1153 1916 1280 1944 amnes

348 1973 584 2037 Arentesque
605 1974 737 2020 sonant
756 1975 872 2038 ripae,
898 1972 1091 2036 collesque
1117 1970 1249 2036 supini.

349 2049 500 2110 Jamque
518 2049 730 2094 catervatim
749 2048 810 2094 dat
829 2048 985 2111 stragem
1004 2082 1016 2101 ,
1040 2061 1150 2109 atque
1173 2060 1326 2108 aggerat
1343 2040 1434 2107 ipsisv
1483 2099 1486 2102 ἡ

351 2124 391 2166 In
412 2120 556 2167 stabulis
576 2121 674 2186 turpi
693 2121 830 2187 dilapsa
851 2122 1028 2167 cadavera
1046 2120 1133 2166 tabo
1154 2139 1162 2164 :

351 2196 487 2239 Donec
504 2194 617 2241 humo
638 2211 788 2259 tegere,
809 2213 850 2240 ac
867 2193 990 2241 foveis
1008 2191 1236 2240 abscondere
1260 2188 1413 2234 discunt.

351 2269 446 2313 Nam
470 2287 593 2332 neque
617 2284 694 2315 erat
714 2268 826 2315 coriis
845 2268 928 2314 usus
947 2287 956 2312 τ
987 2284 1056 2312 nec
1073 2264 1213 2311 viscera
1234 2262 1426 2326 quisquam

353 2345 430 2388 Aut
449 2343 556 2388 undis
575 2344 729 2391 abolere
751 2342 872 2407 potest
890 2378 902 2395 ,
931 2355 991 2387 aut
1014 2339 1165 2385 vincere
1186 2337 1328 2383 flamma
1348 2358 1357 2381 t

353 2416 436 2460 Nec
455 2417 612 2462 tondere
631 2418 781 2480 quidem
801 2416 936 2463 morbo
955 2412 1159 2475 illuvieque
1183 2411 1311 2475 peresa

352 2489 503 2540 Vellera
523 2524 534 2544 ,
569 2508 637 2536 nec
656 2489 745 2536 telas
766 2488 913 2553 poffunt
935 2485 1118 2549 attingere
1141 2482 1267 2548 putris⁹

1547 886 1632 930 540

1503 1223 1505 1225 ¹
1551 1253 1631 1297 545

1551 1617 1637 1661 550

1552 1985 1634 2031 555

1555 2339 1640 2396 560
