1715 3028
371 205 461 265 164
683 205 1413 252 P.VIRG1L11--

363 309 557 375 Improvisr
586 311 752 358 aderunt.
780 316 830 358 Ita
856 310 993 376 digerit
1018 312 1142 359 omina
1171 313 1343 363 Calchas:

363 387 469 431 Hanc
501 404 570 449 pro
596 385 763 432 Palladio
788 385 954 442 moniti,
982 405 1054 452 pro
1083 387 1235 433 numine
1254 387 1347 434 laeso

363 457 537 521 Effigiem
557 457 739 512 statuere;
761 457 862 504 nefas
882 477 966 522 quae
997 458 1095 506 triste
1123 459 1252 523 piaret.

360 534 464 577 Hanc
482 546 605 578 tamen
624 532 838 581 immensam
858 534 1016 581 Calchas
1037 535 1211 582 attollere
1229 535 1371 583 molem
1415 544 1418 562 ⁵

359 604 576 650 Roboribus
596 605 704 652 textis
719 642 732 660 .,
760 606 938 671 coeloque
959 608 1118 655 educere
1139 609 1254 671 jussit:
1304 622 1307 624 ’

361 677 421 721 Ne
440 676 555 740 recipi
575 678 694 742 portis
713 714 724 734 ‚
750 694 810 726 aut
834 679 919 726 duci
949 680 987 727 in
1015 680 1154 727 moenia
1176 681 1316 745 poflit3

361 751 447 796 Neu
478 751 663 815 populum
692 752 842 817 antiqua
868 753 932 800 sub
961 754 1148 819 religione
1180 754 1288 802 tueri.

361 826 459 871 Nam
479 824 504 871 fi
523 826 641 872 vestra
661 844 785 873 manus
805 827 978 874 violasset
996 828 1098 874 dona
1119 827 1306 874 Minervae
1322 863 1335 881 .,

1561 541 1650 601 1852

358 899 457 943 Tum
476 916 651 962 magnum
673 899 826 946 exitium
847 902 979 964 (quod
1001 904 1050 947 Di
1069 900 1168 965 prius
1190 919 1303 948 omen
1322 900 1360 947 in
1382 899 1502 965 ipsum
1567 913 1659 960 190‘

360 972 623 1031 Convertant)
642 971 773 1019 Priami
792 973 953 1038 imperio
969 973 1252 1038 Phrygibusque
1269 974 1443 1020 futurum.

360 1044 424 1090 Sin
443 1045 607 1092 manibus
629 1047 755 1094 vestris
776 1049 931 1095 vestram
952 1049 1192 1095 adscendiffet
1216 1049 1253 1094 in
1268 1049 1430 1103 urbem'3

347 1117 470 1187 *Ultro
493 1117 612 1164 Asiam
633 1137 770 1184 magno
791 1121 957 1184 Pelopea
978 1121 1023 1167 ad
1043 1119 1181 1167 moenia
1207 1120 1315 1166 bello

359 1193 563 1236 Venturam
579 1226 591 1244 ,
610 1191 651 1237 &
678 1192 825 1238 nostros
845 1211 887 1238 ea
907 1192 977 1238 fata
993 1211 1144 1238 manere
1167 1207 1342 1257 nepotes.

362 1263 516 1309 Talibus
544 1262 680 1309 insidiis
704 1265 922 1328 perjurique
949 1279 1026 1310 arte
1052 1263 1203 1311 Sinonis

365 1336 520 1384 Credita
539 1356 596 1384 res
609 1374 622 1393 ,
643 1338 817 1403 captique
836 1338 935 1386 dolis
953 1338 1187 1402 lacrimisque
1209 1338 1346 1386 coa'ffis
1364 1350 1380 1394 ζ

365 1413 477 1473 Quos
496 1431 619 1476 neque
636 1413 805 1478 Tydides
821 1426 839 1468 ‚'
860 1433 930 1460 nec
946 1413 1132 1460 Lariffaeus
1151 1405 1316 1459 Achilles
1337 1447 1350 1467 ‚

363 1486 454 1532 Non
474 1486 562 1532 anni
579 1486 762 1533 domuere
779 1487 912 1533 decem
928 1522 941 1541 ‚
964 1506 1042 1534 non
1064 1487 1166 1532 mille
1187 1486 1330 1532 carinae.

430 1556 502 1602 Hic
521 1556 620 1602 aliud
639 1558 753 1620 majus
776 1557 916 1604 miseris
940 1558 1138 1621 multoque
1165 1556 1398 1603 tremendum

367 1628 558 1692 Objicitur
575 1629 714 1694 magiS‚
737 1645 848 1694 atque
871 1629 1082 1695 improvida
1099 1630 1252 1694 pestora
1268 1629 1401 1676 turbat.

364 1706 547 1750 Laocoon
564 1738 577 1757 ‚
606 1703 734 1750 duetus
754 1706 939 1769 Neptuno
960 1704 1060 1751 sorte
1082 1703 1254 1749 sacerdos
1274 1737 1288 1757 ‚

367 1775 571 1823 Sollemnis
590 1792 731 1824 taurum
752 1777 941 1842 ingentem
958 1775 1136 1822 maitabat
1152 1775 1197 1821 ad
1211 1792 1300 1821 aras.

368 1851 468 1895 Ecce
489 1864 611 1896 autem
631 1849 772 1914 gemini
794 1869 814 1897 a
831 1849 990 1895 Tenedo
1009 1847 1207 1910 tranquilla
1227 1865 1294 1911 per
1309 1845 1407 1900 alta,'

366 1923 587 1982 (Horresco
606 1923 798 1982 reserens)
819 1920 1003 1968 immensis
1023 1919 1174 1967 orbibus
1192 1937 1334 1984 angues

365 1999 587 2045 Incumbunt
610 1998 750 2063 pelago
767 2033 779 2051 ‚
799 1996 1011 2061 pariterque
1029 1996 1074 2050 ad
1093 1994 1206 2042 litora
1225 1994 1411 2040 tendunt:

367 2072 523 2118 Peuma
542 2091 703 2136 quorum
722 2071 817 2118 inter
834 2070 964 2118 fluetus
983 2070 1120 2116 arreRa
1134 2104 1146 2124 ‚
1165 2069 1339 2132 jubaeque

367 2146 592 2210 Sanguineae
612 2146 834 2210 exsuperant
860 2146 999 2191 undas:
1028 2162 1110 2208 pars
1130 2159 1252 2189 cetera
1269 2158 1431 2207 pontum

367 2220 472 2264 Pone
490 2218 586 2282 legit
604 2254 616 2273 .,
644 2218 862 2281 finuantque
880 2217 1055 2264 immensa
1072 2214 1267 2262 volumine
1286 2230 1403 2280 terga.

368 2291 426 2337 Fit
445 2292 587 2339 sonitus
602 2327 615 2346 ‚
638 2292 830 2356 spumante
850 2291 953 2337 salo:
978 2291 1125 2352 jamque
1149 2305 1234 2333 arva
1256 2289 1434 2335 tenebant
1448 2321 1463 2343 ‚

370 2364 620 2428 Ardentisque
641 2366 774 2413 oculos
795 2363 939 2411 suffeffi
957 2360 1135 2426 sanguine
1153 2360 1193 2407 &
1209 2360 1290 2425 igni
1306 2396 1321 2417 .,

368 2438 483 2483 Sibila
513 2439 723 2485 lambebant
741 2438 879 2502 linguis
903 2435 1130 2483 vibrantibus
1152 2454 1229 2481 ora.

371 2509 597 2574 Diffugimus
616 2511 696 2558 visu
714 2511 931 2575 exsangues
960 2509 1018 2556 llli
1036 2507 1182 2574 agmine
1201 2523 1305 2556 certo

1571 1277 1660 1323 ¹95²

1566 1643 1661 1675 200

1567 2009 1662 2059 22³2⁴

1565 2378 1658 2410 210
1692 2359 1696 2382 ²
