1715 3028
313 125 405 189 376

807 247 820 270 Ι

467 318 528 374 Ρ.
580 281 966 374 νιΒςιιιΙ
1038 318 1445 375 MARONrs

312 469 1597 641 AENEIDos

709 676 1037 721 LIBER
1123 679 1190 724 X.

624 935 1281 976 ARGUMENTUM.

313 1066 483 1118 Juppiter
501 1096 513 1112 ,
538 1076 748 1104 convocato
773 1064 943 1104 Deorum
968 1065 1125 1104 concilio
1140 1096 1154 1112 ,
1175 1065 1223 1103 ad
1248 1065 1483 1104 concordiam
1503 1065 1600 1117 ipsos

368 1128 589 1167 adhortatur.
614 1127 667 1166 Ibi
684 1127 813 1166 Venus
832 1126 877 1165 de
896 1126 1152 1176 Trojanorum
1169 1125 1329 1179 periculo
1343 1126 1600 1183 insatiabilique

369 1190 521 1242 Junonis
541 1190 629 1228 odio
650 1191 881 1242 conqueritur
894 1218 907 1235 ‚
926 1189 1152 1242 aliquamque
1172 1188 1321 1228 tandem
1341 1199 1397 1228 tot
1412 1189 1598 1228 calamita-

368 1262 445 1289 tum
464 1252 628 1305 requiem
647 1252 745 1303 petit.
767 1255 858 1297 Juno
877 1260 1002 1288 contra
1023 1250 1204 1289 malorum
1222 1251 1390 1288 omnium
1402 1249 1545 1298 causam
1565 1252 1598 1288 in

367 1311 705 1365 Troianos,wveluti
722 1314 860 1365 primos
875 1310 957 1351 belli
971 1311 1132 1351 auctores
1143 1342 1157 1358 ‚
1177 1322 1285 1365 atque
1300 1311 1394 1351 adeo
1417 1313 1454 1363 in
1467 1312 1600 1351 Vene-

366 1390 444 1415 rem
467 1376 582 1428 ipsam
602 1375 726 1427 rejicit.
745 1375 888 1414 Frustra
903 1377 1021 1428 itaque
1045 1384 1181 1413 tentata
1203 1373 1492 1412 reconciliatione
1514 1378 1601 1426 Jup-

365 1441 459 1491 piter
471 1469 482 1485 ‚
499 1438 562 1476 ubi
575 1438 712 1477 nullum
725 1439 826 1476 videt
841 1437 912 1476 effe
925 1437 1199 1475 contentionum
1213 1431 1326 1473 finem
1334 1465 1350 1491 ,³
1367 1448 1413 1472 ne
1430 1444 1495 1472 aut
1507 1449 1599 1472 uxo-

365 1516 443 1541 rem
462 1513 521 1539 aut
535 1501 647 1540 filiam
661 1501 841 1546 laederet,
862 1501 896 1539 se
923 1511 1128 1538 neutrarum
1152 1499 1307 1550 partium
1332 1496 1448 1536 studia
1463 1497 1598 1535 secutu-

365 1579 447 1603 rum
464 1563 675 1617 pronuntiat
686 1593 697 1608 ,
714 1562 773 1601 sed
788 1576 855 1613 pro
871 1561 932 1600 sua
945 1562 1121 1613 aequitate
1135 1560 1257 1598 omnia
1269 1558 1348 1598 fatis
1364 1557 1434 1597 esse
1447 1556 1599 1610 permis-

365 1626 501 1664 surum.
522 1625 669 1664 Interim
690 1624 813 1663 Rutuli
839 1625 923 1662 totis
947 1623 1084 1660 viribus
1113 1621 1160 1659 ad
1190 1622 1508 1673 oppugnationem
1535 1634 1598 1660 re·-

364 1688 499 1732 deunt,
522 1699 598 1723 non
619 1687 759 1724 minore
776 1686 899 1723 animo
914 1682 1042 1722 obsesfi
1068 1682 1102 1721 se
1118 1683 1164 1720 ad
1186 1681 1431 1720 defensionem
1453 1693 1595 1733 parant.

360 1740 471 1790 Dum
491 1750 581 1788 haec
594 1750 632 1787 in
649 1748 757 1787 Latio
771 1758 944 1801 geruntur
957 1777 967 1795 ‚
983 1747 1115 1784 AEneas
1131 1745 1235 1783 rebus
1251 1745 1288 1781 in
1302 1743 1447 1782 Etruria
1462 1758 1507 1782 ex
1522 1745 1601 1782 ani·
1639 1749 1641 1751 '

361 1813 412 1851 mi
428 1811 597 1849 sententia
612 1809 784 1848 confectis
800 1840 814 1856 ,
837 1809 1108 1860 multorumque
1131 1806 1198 1844 fibi
1215 1806 1439 1858 populorum
1463 1807 1601 1845 auxiliis

363 1871 558 1922 adjunffis,
577 1872 723 1926 triginta
738 1872 889 1915 navium
907 1869 1012 1908 classe
1027 1869 1073 1907 ad
1087 1868 1165 1907 suos
1181 1869 1378 1908 revehitur.
1396 1866 1450 1906 Ibi
1467 1867 1599 1920 Nym-

362 1935 452 1986 phas
467 1964 478 1980 ,
495 1933 603 1985 paulo
622 1943 704 1971 ante
717 1934 752 1971 in
768 1947 851 1977 eam
866 1931 1026 1970 formam
1044 1945 1088 1968 ex
1109 1930 1262 1968 navibus
1277 1928 1347 1966 suis
1362 1928 1598 1968 transforma·

363 2009 416 2035 tas
429 2028 441 2044 ‚
461 1996 594 2034 obvias
609 1995 720 2033 habet
734 2010 743 2031 r
758 2009 802 2033 ex
825 1995 879 2032 his
898 1995 939 2032 ὅ(
956 1993 1000 2031 de
1018 1990 1131 2030 classis
1144 1990 1328 2030 amiffione
1342 1991 1382 2029 &
1395 1990 1440 2029 de
1454 1989 1606 2029 fuorunt

361 2060 522 2115 periculo
546 2061 677 2098 certior
696 2059 865 2098 redditur.
886 2057 975 2096 Inde
1001 2059 1038 2094 in
1059 2055 1215 2094 hostiurn
1230 2053 1341 2106 usque
1364 2052 1599 2105 conspeEium

363 2121 548 2175 profectus
565 2154 576 2170 ‚
600 2122 725 2172 copias
753 2120 830 2158 suas
851 2120 1018 2170 exponit.
1049 2115 1173 2156 Rutuli
1198 2113 1475 2166 oppugnatione
1502 2110 1599 2154 defi-,-

361 2184 481 2230 stunt,
497 2181 796 2234 occurrentesque
819 2181 864 2219 ad
879 2181 957 2218 litus
977 2190 1070 2218 terra
1086 2176 1228 2216 hostem
1244 2175 1435 2228 prohibere
1457 2188 1597 2212 conau-

358 2260 426 2287 rur.
443 2247 583 2300 Magno
600 2247 779 2298 utrimque
795 2244 1012 2283 detrimento
1025 2252 1213 2295 pugnatur.
1238 2239 1296 2277 Ibi
1310 2238 1447 2284 Pallas,
1462 2250 1596 2290 magua

362 2311 463 2362 prius
480 2309 572 2348 edita
586 2308 741 2347 hostium
757 2307 872 2360 strage
885 2332 898 2354 ,
918 2307 1068 2344 tandem
1081 2304 1241 2344 aTurno
1257 2303 1450 2341 occiditur.
1479 2299 1596 2352 Cujus

358 2373 407 2410 rei
423 2372 546 2410 dolore
558 2372 714 2423 percitus
731 2370 864 2408 AEneas
876 2400 888 2415 ‚
905 2381 1057 2421 magnos
1071 2366 1286 2405 Rutulorum
1303 2378 1455 2403 acervos
1471 2365 1595 2402 amico

359 2435 499 2474 inferias
520 2436 646 2474 mittit:
664 2432 838 2472 Ascanius
857 2445 1002 2485 quoque
1015 2430 1204 2482 eruptione
1220 2428 1311 2467 facia
1325 2427 1402 2473 [uas
1423 2439 1507 2465 cum
1526 2438 1594 2476 pa⁴
