1715 3028
297 166 839 242 GEORGJCON
868 198 1020 245 ΜΒ.
1055 199 1177 245 JJJ.
1298 213 1382 247 101

99 301 372 365 Horrentisque
392 302 505 349 rubos
518 339 529 356 ,
551 303 590 350 δε
608 303 760 349 amantis
778 304 888 351 ardua
907 305 1051 354 dumos.
1296 325 1314 364 3
1332 323 1379 362 15

101 378 226 439 Atque
246 375 335 439 ipsae
356 394 541 423 memores
562 376 718 422 redeunt
739 377 774 422 in
794 378 910 433 tecta,
938 379 1100 444 suosque

99 451 275 502 Ducunt,
301 449 341 495 ἃ
359 450 516 512 gravido
537 449 708 512 superant
727 449 789 495 vix
813 452 927 498 ubere
947 453 1074 499 limen.

100 523 203 585 Ergo
224 522 327 568 omni
346 522 465 568 studio
484 521 640 586 glaciem
669 523 881 587 ventosque
902 525 1032 572 nivalis
1050 561 1063 581 ‚

98 597 192 655 Quo
213 594 330 640 minus
352 595 401 640 est
426 595 497 640 illis
524 613 622 641 curae
646 597 812 642 mortalis
836 598 975 662 egestas
995 635 1009 653 ‚

96 673 255 714 Avertes
275 689 283 712 ε
304 667 514 732 νίξΐῑιῐηεμιε
533 669 628 715 feres
645 705 656 723 ,
676 669 716 716 ὃς
733 670 863 734 virgea
881 670 984 717 laetus
1297 690 1384 730 320

97 742 259 795 Pabula3
289 760 358 787 nec
383 757 460 788 tota
487 742 634 789 claudes
661 743 801 789 foenilia
823 743 961 790 bruma.

96 819 147 863 At
167 835 258 863 vero
278 853 291 871 .,
318 817 501 881 Zephyris
522 836 604 864 cum
623 819 705 866 laeta
723 819 943 866 vocantibus
964 820 1062 867 aestas
1086 830 1113 874 ζ’

94 891 136 933 Iu
164 887 270 934 saltus
292 904 489 953 utrumque
510 908 663 954 gregem
682 906 791 953 atque
812 891 850 937 iu
870 890 1004 955 pascua
1023 892 1158 937 mittes.

94 962 253 1011 Luciferi
272 963 394 1027 primo
417 982 500 1010 cum
518 962 636 1011 fidere
664 964 799 1029 frigida
823 984 903 1011 rura

97 1040 298 1102 Carpamus
313 1074 325 1093 ‚
344 1040 430 1085 dum
448 1058 554 1086 mane
573 1059 712 1087 novum
732 1076 744 1094 ,
769 1040 856 1086 dum
878 1039 1042 1104 gramina
1062 1053 1197 1087 canent
1216 1073 1228 1094 ‚
1294 1056 1378 1099 325

97 1112 144 1157 Et
164 1131 225 1158 ros
248 1113 285 1158 in
314 1128 441 1159 tenera
466 1114 596 1176 pecori
618 1114 828 1177 gratiffimus
854 1114 978 1160 herba.

96 1185 188 1230 Inde
200 1221 212 1239 ‚
230 1186 293 1231 ubi
313 1202 437 1250 quarta
455 1186 548 1232 litim
567 1186 654 1232 coeli
672 1186 873 1249 collegerit
892 1186 984 1232 hora
997 1221 1010 1241 ‚

99 1258 146 1303 Et
164 1275 271 1305 cantu
297 1260 463 1322 querulae
483 1276 655 1323 rumpent
671 1258 811 1305 arbusta
831 1257 966 1303 cicadae
988 1279 999 1312 ;

98 1329 162 1376 Ad
176 1345 335 1394 puteos,
354 1349 416 1377 aut
432 1331 503 1377 alta
524 1350 657 1396 greges
678 1332 721 1378 ad
741 1331 864 1395 stagna
885 1330 1017 1393 jubeto

98 1404 323 1450 Currentem
349 1403 472 1467 ilignis
492 1419 622 1467 potare
652 1404 835 1449 canalibus
857 1403 991 1448 undam
1009 1423 1018 1447 :
1297 1421 1386 1462 330

95 1475 253 1523 AEstibus
273 1494 309 1522 at
325 1476 454 1523 mediis
473 1476 686 1523 umbrosam
705 1475 900 1539 exquirere
917 1475 1055 1521 vallem
1072 1510 1084 1527 2

93 1549 220 1609 Sicubi
241 1568 370 1614 magna
390 1551 491 1598 Jovis
514 1552 668 1615 antiquo
687 1550 830 1596 robore
854 1566 1013 1612 quercus

94 1624 262 1686 Ingentis
291 1624 418 1670 tendat
440 1644 585 1672 ramosz
607 1639 667 1671 aut
690 1622 804 1669 ficubi
833 1622 978 1686 nigrum

94 1693 242 1741 Ilicibus
264 1696 399 1742 crebris
420 1696 518 1743 sacra
539 1716 666 1743 nemus
685 1696 841 1743 accubet
859 1694 997 1740 umbra.

95 1770 193 1813 Turn
217 1769 335 1815 ten-uis
358 1770 443 1815 dare
469 1770 588 1816 rursus
609 1789 719 1833 aquas
735 1805 747 1824 ‚
768 1768 807 1816 &
829 1767 979 1833 pascere
998 1766 1119 1813 rursus
1299 1783 1392 1832 3351
1416 1796 1423 1797 ff

97 1840 197 1886 Solis
221 1841 266 1887 ad
286 1841 456 1888 occasum
476 1863 484 1887 :
513 1861 596 1889 cum
618 1843 773 1907 frigidus
801 1862 884 1890 aera
903 1842 1036 1905 vesper

97 1915 324 1978 Temperat,
346 1914 385 1961 ἃ
404 1914 512 1960 saltus
532 1915 651 1960 reficit
672 1917 741 1977 jam
765 1915 911 1962 roscida
931 1915 1013 1960 luna
1034 1951 1046 1969 ,

96 1986 297 2051 Litoraque
318 1989 517 2053 Alcyonen
537 1988 713 2035 resonant
732 2022 744 2040 .,
774 1986 1000 2034 acalanthida
1018 1988 1131 2034 dumi.

98 2059 204 2120 Quid
223 2060 289 2107 tibi
311 2062 474 2126 pastores
492 2062 619 2125 Libyae
639 2097 652 2115 .‚
680 2060 769 2124 quid
789 2060 919 2125 pascua
938 2058 1047 2105 versu

96 2135 304 2199 Prosequar
319 2172 332 2191 .,
359 2136 398 2183 &
417 2136 504 2182 raris
522 2135 679 2182 habitata
701 2134 856 2199 mapalia
878 2134 981 2180 teffis
1002 2141 1016 2179 ?
1299 2154 1396 2195 340-

97 2213 207 2274 Saepe
225 2210 323 2257 diem
343 2210 568 2275 noctemque
583 2246 595 2264 ‚
615 2209 654 2257 ἃ
672 2225 794 2256 totum
815 2227 859 2255 ex
881 2208 1014 2255 ordine
1035 2208 1198 2254 mensem

98 2284 284 2338 Pascitur,
307 2284 410 2348 itque
428 2303 540 2348 pecus
559 2284 677 2347 longa
698 2282 735 2328 in
754 2282 897 2328 deserta
917 2281 992 2326 fine
1014 2281 1097 2327 ullis

99 2356 305 2422 Hospitiis:
330 2373 467 2403 tantum
485 2356 605 2420 campi
625 2357 732 2419 jacet.
754 2354 892 2401 Omnia
910 2353 1033 2399 secum

97 2429 346 2476 Armentarius
365 2430 456 2475 Afer
473 2430 549 2494 agit
563 2464 574 2483 ‚
601 2428 812 2490 tectumque
826 2462 837 2480 7
864 2430 1068 2490 Laremque
1088 2461 1101 2480 ‚

77 2531 79 2534 f
98 2505 286 2568 Armaque
299 2539 310 2557 ‚
324 2504 628 2569 Amyclaeumque
646 2514 770 2549 canem
783 2536 795 2555 ‚
810 2501 1047 2564 Creffamque
1065 2501 1285 2564 pharetram.
1305 2522 1321 2562 3
1334 2521 1389 2564 45

1042 2577 1077 2622 G
1117 2593 1135 2633 3
